side,price,size,time
buy,9214.98,12.97471883,2018-04-24T04:07:44.745Z
sell,9230.94,0.0,2018-04-24T04:07:44.750Z
buy,9198.26,0.5,2018-04-24T04:07:44.768Z
sell,9230.44,0.5,2018-04-24T04:07:44.771Z
buy,9214.98,13.97471883,2018-04-24T04:07:44.782Z
sell,9219.28,0.0,2018-04-24T04:07:44.786Z
sell,9214.99,2.23846921,2018-04-24T04:07:44.807Z
buy,9198.26,0.0,2018-04-24T04:07:44.832Z
buy,9193.46,0.01,2018-04-24T04:07:44.835Z
sell,9329.05,0.0015,2018-04-24T04:07:44.840Z
buy,9193.02,0.015,2018-04-24T04:07:44.844Z
buy,9198.01,0.5,2018-04-24T04:07:44.850Z
sell,9329.05,0.0,2018-04-24T04:07:44.901Z
sell,9263.17,0.0015,2018-04-24T04:07:44.924Z
buy,9198.01,0.0,2018-04-24T04:07:44.928Z
buy,9214.98,12.97471883,2018-04-24T04:07:44.929Z
buy,9193.02,0.0,2018-04-24T04:07:44.935Z
buy,9193.46,0.025,2018-04-24T04:07:44.944Z
buy,9198.26,0.5,2018-04-24T04:07:44.946Z
buy,9193.46,0.015,2018-04-24T04:07:44.950Z
sell,9263.17,0.0,2018-04-24T04:07:44.964Z
sell,9214.99,2.13046921,2018-04-24T04:07:44.967Z
buy,9193.46,0.025,2018-04-24T04:07:44.980Z
sell,9214.99,2.26546921,2018-04-24T04:07:44.986Z
sell,9230.13,0.0015,2018-04-24T04:07:44.990Z
sell,9230.13,0.0,2018-04-24T04:07:45.029Z
buy,9193.46,0.015,2018-04-24T04:07:45.050Z
buy,9198.26,0.0,2018-04-24T04:07:45.078Z
sell,9214.99,3.26546921,2018-04-24T04:07:45.086Z
buy,9193.46,0.025,2018-04-24T04:07:45.088Z
sell,9214.99,3.26696921,2018-04-24T04:07:45.092Z
sell,9214.99,3.26546921,2018-04-24T04:07:45.136Z
buy,9198.01,0.5,2018-04-24T04:07:45.147Z
sell,9263.17,0.0015,2018-04-24T04:07:45.165Z
buy,9198.01,0.0,2018-04-24T04:07:45.243Z
buy,9198.26,0.5,2018-04-24T04:07:45.263Z
sell,9263.17,0.0,2018-04-24T04:07:45.275Z
sell,9230.13,0.0015,2018-04-24T04:07:45.307Z
sell,9215.47,0.10800000000000001,2018-04-24T04:07:45.486Z
sell,9218.0,0.36687509999999995,2018-04-24T04:07:45.492Z
sell,9230.13,0.0,2018-04-24T04:07:45.513Z
buy,9193.46,0.01,2018-04-24T04:07:45.540Z
sell,9296.05,0.0015,2018-04-24T04:07:45.544Z
buy,9055.14,0.0015,2018-04-24T04:07:45.548Z
buy,9193.01,0.015,2018-04-24T04:07:45.550Z
sell,9232.55,0.0,2018-04-24T04:07:45.551Z
buy,9154.01,0.0015,2018-04-24T04:07:45.611Z
buy,9088.14,0.0015,2018-04-24T04:07:45.624Z
buy,9187.11,0.0015,2018-04-24T04:07:45.644Z
buy,9055.14,0.0,2018-04-24T04:07:45.649Z
buy,9154.02,0.0015,2018-04-24T04:07:45.657Z
sell,9296.05,0.0,2018-04-24T04:07:45.667Z
buy,9154.01,0.0,2018-04-24T04:07:45.683Z
buy,9193.01,0.0,2018-04-24T04:07:45.688Z
buy,9121.14,0.0015,2018-04-24T04:07:45.693Z
sell,9263.18,0.0025,2018-04-24T04:07:45.695Z
buy,9193.46,0.025,2018-04-24T04:07:45.702Z
buy,9214.98,13.01604972,2018-04-24T04:07:45.714Z
buy,9187.11,0.0,2018-04-24T04:07:45.722Z
buy,9154.02,0.0,2018-04-24T04:07:45.723Z
buy,9153.35,0.0015,2018-04-24T04:07:45.728Z
sell,9263.18,0.001,2018-04-24T04:07:45.742Z
buy,9088.14,0.0,2018-04-24T04:07:45.854Z
buy,9121.14,0.0,2018-04-24T04:07:45.854Z
buy,9055.14,0.0015,2018-04-24T04:07:45.856Z
sell,9214.99,3.26696921,2018-04-24T04:07:45.857Z
buy,9187.11,0.0015,2018-04-24T04:07:45.859Z
buy,9153.35,0.0,2018-04-24T04:07:46.057Z
sell,9214.99,3.26546921,2018-04-24T04:07:46.060Z
buy,9088.14,0.0015,2018-04-24T04:07:46.061Z
buy,9198.26,0.0,2018-04-24T04:07:46.064Z
buy,9197.76,0.5,2018-04-24T04:07:46.066Z
buy,9187.11,0.0,2018-04-24T04:07:46.067Z
sell,9230.44,0.0,2018-04-24T04:07:46.069Z
buy,9121.14,0.0015,2018-04-24T04:07:46.070Z
buy,9197.76,0.0,2018-04-24T04:07:46.070Z
sell,9263.17,0.0015,2018-04-24T04:07:46.071Z
buy,9193.46,0.01,2018-04-24T04:07:46.073Z
buy,9193.02,0.015,2018-04-24T04:07:46.076Z
sell,9229.94,0.5,2018-04-24T04:07:46.078Z
buy,9055.14,0.0,2018-04-24T04:07:46.079Z
buy,9197.51,0.5,2018-04-24T04:07:46.081Z
buy,9153.35,0.0015,2018-04-24T04:07:46.082Z
buy,9121.14,0.0,2018-04-24T04:07:46.083Z
sell,9263.17,0.0,2018-04-24T04:07:46.084Z
buy,9187.11,0.0015,2018-04-24T04:07:46.085Z
sell,9230.13,0.0015,2018-04-24T04:07:46.087Z
buy,9088.14,0.0,2018-04-24T04:07:46.089Z
buy,9153.35,0.0,2018-04-24T04:07:46.090Z
buy,9055.14,0.0015,2018-04-24T04:07:46.093Z
buy,9193.02,0.0,2018-04-24T04:07:46.098Z
buy,9193.46,0.025,2018-04-24T04:07:46.099Z
buy,9193.46,0.015,2018-04-24T04:07:46.101Z
buy,9187.11,0.0,2018-04-24T04:07:46.102Z
sell,9230.13,0.0,2018-04-24T04:07:46.103Z
buy,9121.14,0.0015,2018-04-24T04:07:46.109Z
buy,9193.46,0.025,2018-04-24T04:07:46.112Z
buy,9153.35,0.0015,2018-04-24T04:07:46.152Z
buy,9088.14,0.0015,2018-04-24T04:07:46.154Z
sell,9329.05,0.0015,2018-04-24T04:07:46.181Z
buy,9197.38,0.0,2018-04-24T04:07:46.182Z
buy,9055.14,0.0,2018-04-24T04:07:46.184Z
buy,9193.46,0.01,2018-04-24T04:07:46.187Z
buy,9187.11,0.0015,2018-04-24T04:07:46.191Z
buy,9193.03,0.015,2018-04-24T04:07:46.193Z
buy,9196.88,1.4978981000000002,2018-04-24T04:07:46.277Z
buy,9088.14,0.0,2018-04-24T04:07:46.312Z
buy,9187.11,0.0,2018-04-24T04:07:46.316Z
buy,9153.35,0.0,2018-04-24T04:07:46.317Z
buy,9121.14,0.0,2018-04-24T04:07:46.318Z
buy,9055.13,0.0015,2018-04-24T04:07:46.320Z
sell,9329.05,0.0,2018-04-24T04:07:46.339Z
buy,9214.94,6.80388958,2018-04-24T04:07:46.342Z
buy,9214.98,11.17956598,2018-04-24T04:07:46.344Z
buy,9214.98,10.80756598,2018-04-24T04:07:46.346Z
sell,9214.99,5.76546921,2018-04-24T04:07:46.355Z
buy,9214.0,1.1114700000000002,2018-04-24T04:07:46.365Z
buy,9190.09,0.0,2018-04-24T04:07:46.377Z
sell,9233.43,0.9,2018-04-24T04:07:46.378Z
sell,9238.04,0.0,2018-04-24T04:07:46.380Z
sell,9233.43,0.0,2018-04-24T04:07:46.381Z
sell,9296.05,0.0015,2018-04-24T04:07:46.383Z
buy,9088.13,0.0015,2018-04-24T04:07:46.388Z
sell,9233.42,0.9,2018-04-24T04:07:46.390Z
sell,9233.42,1.8,2018-04-24T04:07:46.393Z
sell,9214.99,8.26546921,2018-04-24T04:07:46.395Z
buy,9190.08,0.536045,2018-04-24T04:07:46.396Z
sell,9214.99,5.76546921,2018-04-24T04:07:46.399Z
sell,9236.19,0.0,2018-04-24T04:07:46.400Z
buy,9214.98,10.20056598,2018-04-24T04:07:46.403Z
sell,9236.18,0.9,2018-04-24T04:07:46.408Z
sell,9236.18,0.0,2018-04-24T04:07:46.410Z
sell,9236.19,0.9,2018-04-24T04:07:46.416Z
buy,9055.13,0.0,2018-04-24T04:07:46.442Z
sell,9238.03,0.9,2018-04-24T04:07:46.450Z
sell,9214.99,8.26546921,2018-04-24T04:07:46.454Z
buy,9187.11,0.0015,2018-04-24T04:07:46.459Z
sell,9236.19,0.0,2018-04-24T04:07:46.460Z
buy,9153.35,0.0015,2018-04-24T04:07:46.463Z
buy,9197.51,0.0,2018-04-24T04:07:46.466Z
buy,9121.13,0.0015,2018-04-24T04:07:46.474Z
sell,9236.18,0.9,2018-04-24T04:07:46.476Z
sell,9296.05,0.0,2018-04-24T04:07:46.483Z
sell,9238.03,0.0,2018-04-24T04:07:46.484Z
buy,9197.26,0.5,2018-04-24T04:07:46.487Z
sell,9238.02,0.9,2018-04-24T04:07:46.495Z
sell,9319.74,0.0,2018-04-24T04:07:46.496Z
sell,9263.18,0.0025,2018-04-24T04:07:46.504Z
sell,9275.15,0.12905999999999998,2018-04-24T04:07:46.522Z
sell,9214.99,10.76546921,2018-04-24T04:07:46.525Z
buy,9164.42,0.0,2018-04-24T04:07:46.529Z
buy,9190.08,0.0,2018-04-24T04:07:46.531Z
buy,9190.07,0.536045,2018-04-24T04:07:46.536Z
sell,9219.29,2.33676648,2018-04-24T04:07:46.556Z
buy,9121.13,0.0,2018-04-24T04:07:46.573Z
buy,9187.11,0.0,2018-04-24T04:07:46.575Z
buy,9088.13,0.0,2018-04-24T04:07:46.576Z
buy,9153.35,0.0,2018-04-24T04:07:46.577Z
sell,9263.18,0.001,2018-04-24T04:07:46.578Z
buy,9055.13,0.0015,2018-04-24T04:07:46.582Z
buy,9193.03,0.0,2018-04-24T04:07:46.619Z
sell,9230.13,0.0015,2018-04-24T04:07:46.623Z
sell,9214.99,10.76407921,2018-04-24T04:07:46.624Z
buy,9193.01,0.015,2018-04-24T04:07:46.627Z
sell,9214.99,10.76606921,2018-04-24T04:07:46.633Z
buy,9055.13,0.0,2018-04-24T04:07:46.646Z
buy,9153.35,0.0015,2018-04-24T04:07:46.654Z
buy,9121.13,0.0015,2018-04-24T04:07:46.671Z
sell,9230.13,0.0,2018-04-24T04:07:46.682Z
buy,9088.13,0.0015,2018-04-24T04:07:46.688Z
buy,9214.94,5.71948958,2018-04-24T04:07:46.692Z
buy,9214.05,1.08419,2018-04-24T04:07:46.704Z
sell,9214.99,10.76756921,2018-04-24T04:07:46.718Z
buy,9187.11,0.0015,2018-04-24T04:07:46.760Z
buy,9121.13,0.0,2018-04-24T04:07:46.763Z
buy,9153.35,0.0,2018-04-24T04:07:46.764Z
buy,9055.13,0.0015,2018-04-24T04:07:46.772Z
sell,9214.99,10.76606921,2018-04-24T04:07:46.778Z
buy,9193.01,0.0,2018-04-24T04:07:46.791Z
sell,9329.05,0.0015,2018-04-24T04:07:46.797Z
buy,9193.46,0.025,2018-04-24T04:07:46.799Z
buy,9187.11,0.0,2018-04-24T04:07:46.804Z
buy,9121.13,0.0015,2018-04-24T04:07:46.814Z
sell,9329.05,0.0,2018-04-24T04:07:46.833Z
buy,9214.94,5.70948958,2018-04-24T04:07:46.837Z
sell,9230.13,0.0015,2018-04-24T04:07:46.859Z
buy,9153.35,0.0015,2018-04-24T04:07:46.886Z
buy,9126.01,0.39685,2018-04-24T04:07:46.888Z
buy,9126.01,0.35318,2018-04-24T04:07:46.889Z
buy,9126.01,0.29053,2018-04-24T04:07:46.889Z
buy,9126.01,0.26174000000000003,2018-04-24T04:07:46.891Z
buy,9126.01,0.24598000000000003,2018-04-24T04:07:46.892Z
buy,9212.0,0.001,2018-04-24T04:07:46.892Z
buy,9126.01,0.12214000000000001,2018-04-24T04:07:46.894Z
buy,9126.01,0.10630999999999999,2018-04-24T04:07:46.894Z
buy,9126.01,0.1112,2018-04-24T04:07:46.920Z
buy,9055.13,0.0,2018-04-24T04:07:46.921Z
buy,9187.11,0.0015,2018-04-24T04:07:46.922Z
buy,9214.94,5.26948958,2018-04-24T04:07:46.923Z
sell,9230.13,0.0,2018-04-24T04:07:46.924Z
sell,9263.18,0.0025,2018-04-24T04:07:46.962Z
buy,9214.98,10.35056598,2018-04-24T04:07:46.965Z
sell,9236.21,0.0,2018-04-24T04:07:46.989Z
sell,9263.18,0.001,2018-04-24T04:07:47.017Z
buy,9214.98,10.20056598,2018-04-24T04:07:47.020Z
sell,9263.17,0.0015,2018-04-24T04:07:47.081Z
sell,9241.11,13.0,2018-04-24T04:07:47.083Z
buy,9214.98,10.16056598,2018-04-24T04:07:47.085Z
sell,9229.94,0.0,2018-04-24T04:07:47.085Z
buy,9197.26,0.0,2018-04-24T04:07:47.086Z
sell,9263.17,0.0,2018-04-24T04:07:47.088Z
sell,9229.44,0.5,2018-04-24T04:07:47.098Z
buy,9197.01,0.5,2018-04-24T04:07:47.102Z
buy,9193.46,0.015,2018-04-24T04:07:47.117Z
buy,9193.46,0.025,2018-04-24T04:07:47.149Z
buy,9193.46,0.01,2018-04-24T04:07:47.155Z
buy,9187.11,0.0,2018-04-24T04:07:47.158Z
buy,9197.01,0.0,2018-04-24T04:07:47.159Z
buy,9193.02,0.015,2018-04-24T04:07:47.165Z
buy,9195.26,0.5,2018-04-24T04:07:47.202Z
buy,9088.11,0.0015,2018-04-24T04:07:47.204Z
buy,9121.11,0.0015,2018-04-24T04:07:47.205Z
sell,9229.44,0.0,2018-04-24T04:07:47.206Z
buy,9200.9,0.0,2018-04-24T04:07:47.208Z
buy,9214.98,9.46056598,2018-04-24T04:07:47.209Z
sell,9227.69,0.5,2018-04-24T04:07:47.215Z
buy,9214.98,10.16056598,2018-04-24T04:07:47.229Z
sell,9218.79,4.05,2018-04-24T04:07:47.231Z
buy,9214.98,9.46056598,2018-04-24T04:07:47.233Z
buy,9214.98,10.16593919,2018-04-24T04:07:47.276Z
buy,9193.02,0.0,2018-04-24T04:07:47.312Z
buy,9193.46,0.025,2018-04-24T04:07:47.320Z
buy,8949.57,0.0,2018-04-24T04:07:47.333Z
buy,8949.74,0.0,2018-04-24T04:07:47.335Z
buy,8949.01,0.1,2018-04-24T04:07:47.338Z
buy,9088.11,0.0,2018-04-24T04:07:47.340Z
buy,9187.11,0.0015,2018-04-24T04:07:47.349Z
buy,9168.17,5.3,2018-04-24T04:07:47.350Z
buy,9055.11,0.0015,2018-04-24T04:07:47.352Z
sell,9227.69,0.0,2018-04-24T04:07:47.394Z
buy,9195.26,0.0,2018-04-24T04:07:47.395Z
buy,9121.11,0.0,2018-04-24T04:07:47.401Z
sell,9227.44,0.5,2018-04-24T04:07:47.412Z
buy,9195.01,0.5,2018-04-24T04:07:47.415Z
buy,9088.11,0.0015,2018-04-24T04:07:47.429Z
buy,9187.11,0.0,2018-04-24T04:07:47.453Z
buy,9196.88,0.0,2018-04-24T04:07:47.471Z
buy,9121.13,0.0,2018-04-24T04:07:47.473Z
buy,9121.11,0.0015,2018-04-24T04:07:47.481Z
buy,9195.01,0.0,2018-04-24T04:07:47.489Z
buy,9088.11,0.0,2018-04-24T04:07:47.500Z
buy,9195.26,0.5,2018-04-24T04:07:47.506Z
sell,9253.98,0.0,2018-04-24T04:07:47.517Z
buy,9187.11,0.0015,2018-04-24T04:07:47.531Z
sell,9214.99,27.66606921,2018-04-24T04:07:47.572Z
sell,9233.42,0.9,2018-04-24T04:07:47.578Z
sell,9236.18,0.0,2018-04-24T04:07:47.580Z
sell,9223.81,0.00135502,2018-04-24T04:07:47.588Z
sell,9233.42,0.0,2018-04-24T04:07:47.589Z
sell,9238.02,0.0,2018-04-24T04:07:47.590Z
sell,9236.17,0.9,2018-04-24T04:07:47.594Z
sell,9233.41,0.9,2018-04-24T04:07:47.595Z
buy,9121.11,0.0,2018-04-24T04:07:47.596Z
sell,9233.41,1.8,2018-04-24T04:07:47.598Z
sell,9238.01,0.91656512,2018-04-24T04:07:47.600Z
buy,9196.38,1.49797954,2018-04-24T04:07:47.601Z
buy,9153.35,0.0,2018-04-24T04:07:47.611Z
buy,9088.11,0.0015,2018-04-24T04:07:47.621Z
buy,9187.11,0.0,2018-04-24T04:07:47.635Z
sell,9214.99,27.66407921,2018-04-24T04:07:47.653Z
sell,9214.99,27.66590921,2018-04-24T04:07:47.699Z
buy,9107.8,0.23015,2018-04-24T04:07:47.730Z
buy,9121.11,0.0015,2018-04-24T04:07:47.732Z
buy,9126.01,0.00489,2018-04-24T04:07:47.734Z
buy,9126.01,0.0,2018-04-24T04:07:47.735Z
buy,9055.11,0.0,2018-04-24T04:07:47.737Z
buy,9107.8,0.30298,2018-04-24T04:07:47.740Z
buy,9214.05,0.0,2018-04-24T04:07:47.741Z
buy,9071.47,0.42091000000000006,2018-04-24T04:07:47.743Z
buy,9211.1,1.08379,2018-04-24T04:07:47.758Z
buy,9153.35,0.0015,2018-04-24T04:07:47.764Z
buy,9187.11,0.0015,2018-04-24T04:07:47.766Z
buy,9121.11,0.0,2018-04-24T04:07:47.777Z
buy,9088.13,0.0,2018-04-24T04:07:47.795Z
buy,9088.11,0.0,2018-04-24T04:07:47.797Z
buy,9055.11,0.0015,2018-04-24T04:07:47.813Z
buy,8293.48,0.01,2018-04-24T04:07:47.816Z
buy,9153.35,0.0,2018-04-24T04:07:47.851Z
buy,9187.11,0.0,2018-04-24T04:07:47.852Z
buy,9121.11,0.0015,2018-04-24T04:07:47.859Z
buy,9107.8,0.23015,2018-04-24T04:07:47.873Z
buy,9107.8,0.29296,2018-04-24T04:07:47.893Z
buy,9088.11,0.0015,2018-04-24T04:07:47.918Z
buy,9212.0,0.00218,2018-04-24T04:07:47.934Z
buy,9055.11,0.0,2018-04-24T04:07:47.944Z
buy,9153.35,0.0015,2018-04-24T04:07:47.965Z
buy,9121.11,0.0,2018-04-24T04:07:47.980Z
buy,9187.11,0.0015,2018-04-24T04:07:48.002Z
buy,9153.35,0.0,2018-04-24T04:07:48.031Z
buy,9088.11,0.0,2018-04-24T04:07:48.048Z
buy,9055.11,0.0015,2018-04-24T04:07:48.056Z
buy,9121.11,0.0015,2018-04-24T04:07:48.080Z
buy,9187.11,0.0,2018-04-24T04:07:48.112Z
buy,9153.35,0.0015,2018-04-24T04:07:48.138Z
buy,9088.11,0.0015,2018-04-24T04:07:48.150Z
buy,9196.38,0.0,2018-04-24T04:07:48.153Z
buy,9193.46,0.015,2018-04-24T04:07:48.155Z
buy,9121.11,0.0,2018-04-24T04:07:48.159Z
buy,9187.11,0.0015,2018-04-24T04:07:48.168Z
buy,9193.46,0.025,2018-04-24T04:07:48.187Z
buy,9182.86,0.0,2018-04-24T04:07:48.202Z
buy,9193.88,1.49838687,2018-04-24T04:07:48.279Z
buy,9088.11,0.0,2018-04-24T04:07:48.304Z
buy,9055.11,0.0,2018-04-24T04:07:48.327Z
buy,9187.11,0.0,2018-04-24T04:07:48.329Z
buy,9153.35,0.0,2018-04-24T04:07:48.330Z
buy,9088.1,0.0015,2018-04-24T04:07:48.335Z
buy,9055.1,0.0015,2018-04-24T04:07:48.340Z
buy,9121.1,0.0015,2018-04-24T04:07:48.383Z
buy,9055.1,0.0,2018-04-24T04:07:48.392Z
buy,9153.35,0.0015,2018-04-24T04:07:48.401Z
buy,9187.11,0.0015,2018-04-24T04:07:48.446Z
buy,9153.35,0.0,2018-04-24T04:07:48.472Z
buy,9088.1,0.0,2018-04-24T04:07:48.496Z
buy,9121.1,0.0,2018-04-24T04:07:48.498Z
buy,9187.11,0.0,2018-04-24T04:07:48.537Z
buy,9055.1,0.0015,2018-04-24T04:07:48.558Z
buy,9153.35,0.0015,2018-04-24T04:07:48.572Z
buy,9187.11,0.0015,2018-04-24T04:07:48.584Z
buy,9153.35,0.0,2018-04-24T04:07:48.603Z
buy,9088.1,0.0015,2018-04-24T04:07:48.631Z
sell,9227.44,0.0,2018-04-24T04:07:48.633Z
sell,9227.69,0.5,2018-04-24T04:07:48.655Z
buy,9187.11,0.0,2018-04-24T04:07:48.656Z
buy,9121.1,0.0015,2018-04-24T04:07:48.679Z
sell,9227.69,0.0,2018-04-24T04:07:48.712Z
buy,9207.73,0.0,2018-04-24T04:07:48.713Z
buy,9153.35,0.0015,2018-04-24T04:07:48.722Z
sell,9231.2,0.0,2018-04-24T04:07:48.724Z
sell,9227.44,0.5,2018-04-24T04:07:48.730Z
buy,9121.1,0.0,2018-04-24T04:07:48.731Z
buy,9187.11,0.0015,2018-04-24T04:07:48.760Z
sell,9222.5,0.00113825,2018-04-24T04:07:48.785Z
buy,9153.35,0.0,2018-04-24T04:07:48.805Z
buy,9121.1,0.0015,2018-04-24T04:07:48.831Z
buy,9187.11,0.0,2018-04-24T04:07:48.852Z
buy,9175.78,6.4,2018-04-24T04:07:48.864Z
buy,9193.46,0.01,2018-04-24T04:07:48.865Z
buy,9193.01,0.015,2018-04-24T04:07:48.875Z
buy,9153.35,0.0015,2018-04-24T04:07:48.885Z
buy,9055.1,0.0,2018-04-24T04:07:48.960Z
buy,9121.1,0.0,2018-04-24T04:07:49.004Z
buy,9088.1,0.0,2018-04-24T04:07:49.007Z
buy,9153.35,0.0,2018-04-24T04:07:49.008Z
buy,9187.11,0.0015,2018-04-24T04:07:49.081Z
buy,9055.1,0.0015,2018-04-24T04:07:49.092Z
buy,9121.1,0.0015,2018-04-24T04:07:49.110Z
sell,10136.49,0.01,2018-04-24T04:07:49.113Z
buy,9187.11,0.0,2018-04-24T04:07:49.123Z
buy,9153.35,0.0015,2018-04-24T04:07:49.152Z
buy,9088.1,0.0015,2018-04-24T04:07:49.168Z
buy,9121.1,0.0,2018-04-24T04:07:49.179Z
buy,9193.46,0.0,2018-04-24T04:07:49.194Z
buy,9153.35,0.0,2018-04-24T04:07:49.196Z
buy,9121.09,0.0015,2018-04-24T04:07:49.257Z
buy,9055.1,0.0,2018-04-24T04:07:49.337Z
buy,9121.09,0.0,2018-04-24T04:07:49.339Z
buy,9088.1,0.0,2018-04-24T04:07:49.341Z
buy,9088.09,0.0015,2018-04-24T04:07:49.346Z
buy,9055.09,0.0015,2018-04-24T04:07:49.353Z
buy,9186.72,1.4545,2018-04-24T04:07:49.368Z
buy,9213.92,2.516,2018-04-24T04:07:49.398Z
buy,9088.09,0.0,2018-04-24T04:07:49.400Z
buy,9153.35,0.0015,2018-04-24T04:07:49.423Z
buy,9121.09,0.0015,2018-04-24T04:07:49.427Z
buy,9186.72,1.453,2018-04-24T04:07:49.482Z
buy,9088.09,0.0015,2018-04-24T04:07:49.516Z
buy,9212.0,0.001,2018-04-24T04:07:49.524Z
buy,9193.01,0.0,2018-04-24T04:07:49.540Z
buy,9193.88,1.51338687,2018-04-24T04:07:49.551Z
buy,9121.09,0.0,2018-04-24T04:07:49.552Z
buy,9175.78,0.0,2018-04-24T04:07:49.554Z
buy,9186.72,1.4545,2018-04-24T04:07:49.580Z
buy,8945.99,0.1,2018-04-24T04:07:49.634Z
buy,9186.72,1.453,2018-04-24T04:07:49.638Z
buy,8949.01,0.0,2018-04-24T04:07:49.640Z
buy,9153.35,0.0,2018-04-24T04:07:49.659Z
buy,9121.09,0.0015,2018-04-24T04:07:49.667Z
buy,9088.09,0.0,2018-04-24T04:07:49.721Z
sell,9227.44,0.0,2018-04-24T04:07:49.724Z
buy,9186.72,1.4545,2018-04-24T04:07:49.729Z
buy,8910.0,2.53545,2018-04-24T04:07:49.735Z
sell,9227.69,0.5,2018-04-24T04:07:49.741Z
buy,9153.35,0.0015,2018-04-24T04:07:49.751Z
buy,9121.09,0.0,2018-04-24T04:07:49.761Z
buy,9088.09,0.0015,2018-04-24T04:07:49.768Z
sell,9219.97,0.03551594,2018-04-24T04:07:49.815Z
buy,9153.35,0.0,2018-04-24T04:07:49.851Z
buy,9186.72,1.453,2018-04-24T04:07:49.871Z
buy,9121.09,0.0015,2018-04-24T04:07:49.879Z
buy,9153.35,0.0015,2018-04-24T04:07:49.900Z
buy,9195.26,0.0,2018-04-24T04:07:49.921Z
buy,9195.01,0.5,2018-04-24T04:07:49.938Z
sell,9236.51,0.0,2018-04-24T04:07:49.948Z
sell,9227.69,0.0,2018-04-24T04:07:49.960Z
sell,9227.44,0.5,2018-04-24T04:07:49.978Z
buy,9088.09,0.0,2018-04-24T04:07:49.980Z
sell,9236.5,0.005,2018-04-24T04:07:49.982Z
buy,9193.46,0.01,2018-04-24T04:07:49.983Z
buy,9186.31,0.0,2018-04-24T04:07:50.010Z
buy,9186.72,1.4545,2018-04-24T04:07:50.012Z
buy,9177.89,0.001,2018-04-24T04:07:50.060Z
buy,9121.09,0.0,2018-04-24T04:07:50.066Z
buy,9186.72,1.453,2018-04-24T04:07:50.087Z
buy,9153.35,0.0,2018-04-24T04:07:50.089Z
buy,9195.01,0.0,2018-04-24T04:07:50.092Z
sell,9227.44,0.0,2018-04-24T04:07:50.094Z
buy,9088.09,0.0015,2018-04-24T04:07:50.099Z
sell,9227.19,0.5,2018-04-24T04:07:50.114Z
buy,9194.76,0.5,2018-04-24T04:07:50.117Z
buy,9121.09,0.0015,2018-04-24T04:07:50.170Z
buy,9088.09,0.0,2018-04-24T04:07:50.194Z
buy,9121.09,0.0,2018-04-24T04:07:50.198Z
buy,9186.72,1.4545,2018-04-24T04:07:50.200Z
buy,9121.07,0.0015,2018-04-24T04:07:50.202Z
buy,9088.07,0.0015,2018-04-24T04:07:50.204Z
buy,9193.46,0.0,2018-04-24T04:07:50.240Z
buy,9193.46,0.01,2018-04-24T04:07:50.274Z
buy,9194.76,0.0,2018-04-24T04:07:50.303Z
sell,9214.99,28.48570921,2018-04-24T04:07:50.305Z
buy,9194.51,0.5,2018-04-24T04:07:50.323Z
buy,9121.07,0.0,2018-04-24T04:07:50.325Z
sell,9227.19,0.0,2018-04-24T04:07:50.338Z
buy,9186.72,1.453,2018-04-24T04:07:50.343Z
buy,9055.09,0.0,2018-04-24T04:07:50.345Z
buy,9088.07,0.0,2018-04-24T04:07:50.346Z
buy,9055.07,0.0015,2018-04-24T04:07:50.352Z
sell,9226.94,1.955,2018-04-24T04:07:50.359Z
buy,9153.35,0.0015,2018-04-24T04:07:50.375Z
buy,9055.07,0.0,2018-04-24T04:07:50.457Z
buy,9186.72,1.4545,2018-04-24T04:07:50.468Z
buy,9121.07,0.0015,2018-04-24T04:07:50.471Z
buy,9153.35,0.0,2018-04-24T04:07:50.483Z
buy,9088.07,0.0015,2018-04-24T04:07:50.506Z
buy,9186.72,1.453,2018-04-24T04:07:50.548Z
buy,9121.07,0.0,2018-04-24T04:07:50.554Z
buy,9088.07,0.0,2018-04-24T04:07:50.614Z
buy,9178.69,6.4,2018-04-24T04:07:50.654Z
buy,9055.07,0.0015,2018-04-24T04:07:50.656Z
buy,9153.35,0.0015,2018-04-24T04:07:50.658Z
buy,9186.72,1.4545,2018-04-24T04:07:50.661Z
buy,9055.07,0.0,2018-04-24T04:07:50.681Z
buy,9121.07,0.0015,2018-04-24T04:07:50.715Z
sell,9214.99,27.66590921,2018-04-24T04:07:50.989Z
buy,9214.94,5.10772792,2018-04-24T04:07:50.990Z
sell,9214.99,28.49570921,2018-04-24T04:07:51.009Z
buy,9214.98,9.96593919,2018-04-24T04:07:51.010Z
buy,9153.35,0.0,2018-04-24T04:07:51.025Z
buy,9186.72,1.453,2018-04-24T04:07:51.044Z
buy,9121.07,0.0,2018-04-24T04:07:51.047Z
buy,9055.07,0.0015,2018-04-24T04:07:51.054Z
buy,9088.07,0.0015,2018-04-24T04:07:51.056Z
sell,9232.01,0.09657075,2018-04-24T04:07:51.116Z
buy,9186.72,1.4545,2018-04-24T04:07:51.131Z
buy,9088.07,0.0,2018-04-24T04:07:51.155Z
buy,9121.07,0.0015,2018-04-24T04:07:51.163Z
buy,9186.72,1.453,2018-04-24T04:07:51.194Z
buy,9213.92,0.0,2018-04-24T04:07:51.217Z
buy,9153.35,0.0015,2018-04-24T04:07:51.219Z
buy,9193.46,0.0,2018-04-24T04:07:51.272Z
buy,9212.0,0.0026,2018-04-24T04:07:51.277Z
buy,9193.46,0.01,2018-04-24T04:07:51.344Z
buy,8944.19,0.0703,2018-04-24T04:07:51.412Z
buy,9121.07,0.0,2018-04-24T04:07:51.415Z
sell,9845.55,1.5,2018-04-24T04:07:51.416Z
buy,9153.35,0.0,2018-04-24T04:07:51.417Z
buy,9121.06,0.0015,2018-04-24T04:07:51.422Z
buy,9088.06,0.0015,2018-04-24T04:07:51.423Z
buy,9055.07,0.0,2018-04-24T04:07:51.425Z
buy,9055.06,0.0015,2018-04-24T04:07:51.427Z
buy,9193.88,0.015,2018-04-24T04:07:51.439Z
buy,9186.72,1.4545,2018-04-24T04:07:51.458Z
buy,9153.35,0.0015,2018-04-24T04:07:51.475Z
buy,9193.38,1.49846837,2018-04-24T04:07:51.561Z
sell,9214.99,28.11880921,2018-04-24T04:07:51.603Z
buy,9214.98,9.86593919,2018-04-24T04:07:51.632Z
sell,9214.99,11.21880921,2018-04-24T04:07:51.665Z
sell,9214.99,10.38900921,2018-04-24T04:07:51.673Z
sell,9236.17,0.0,2018-04-24T04:07:51.675Z
sell,9233.41,0.9,2018-04-24T04:07:51.676Z
sell,9233.41,0.0,2018-04-24T04:07:51.677Z
sell,9238.01,0.01656512,2018-04-24T04:07:51.691Z
sell,9233.42,0.9,2018-04-24T04:07:51.693Z
sell,9233.42,1.8,2018-04-24T04:07:51.695Z
sell,9236.18,0.9,2018-04-24T04:07:51.697Z
sell,9238.02,0.9,2018-04-24T04:07:51.702Z
buy,9207.53,2.516,2018-04-24T04:07:51.704Z
buy,9178.69,0.0,2018-04-24T04:07:51.838Z
buy,9107.8,0.30526,2018-04-24T04:07:51.883Z
buy,9193.88,0.0,2018-04-24T04:07:52.267Z
buy,9193.46,0.025,2018-04-24T04:07:52.279Z
buy,9193.46,0.015,2018-04-24T04:07:52.335Z
buy,9193.46,0.025,2018-04-24T04:07:52.369Z
sell,9215.47,0.0,2018-04-24T04:07:52.747Z
sell,9218.0,0.3684651,2018-04-24T04:07:52.752Z
buy,8293.48,0.0,2018-04-24T04:07:52.805Z
buy,9107.8,0.29296,2018-04-24T04:07:52.876Z
buy,9107.8,0.23015,2018-04-24T04:07:52.880Z
buy,9107.8,0.28415999999999997,2018-04-24T04:07:52.897Z
sell,9214.99,10.49700921,2018-04-24T04:07:53.226Z
buy,9207.53,0.0,2018-04-24T04:07:53.348Z
buy,9055.06,0.0,2018-04-24T04:07:53.379Z
buy,9193.46,0.015,2018-04-24T04:07:53.392Z
buy,9121.06,0.0,2018-04-24T04:07:53.403Z
buy,9153.35,0.0,2018-04-24T04:07:53.404Z
buy,9186.72,1.453,2018-04-24T04:07:53.405Z
buy,9088.06,0.0,2018-04-24T04:07:53.406Z
buy,9055.03,0.0015,2018-04-24T04:07:53.411Z
buy,9193.46,0.025,2018-04-24T04:07:53.427Z
buy,9184.26,0.0,2018-04-24T04:07:53.432Z
buy,9193.46,0.01,2018-04-24T04:07:53.485Z
buy,9193.88,0.015,2018-04-24T04:07:53.494Z
buy,9182.02,6.4,2018-04-24T04:07:53.535Z
buy,9055.03,0.0,2018-04-24T04:07:53.536Z
buy,9153.35,0.0015,2018-04-24T04:07:53.557Z
buy,9153.35,0.0,2018-04-24T04:07:53.665Z
buy,9121.03,0.0015,2018-04-24T04:07:53.688Z
buy,9088.03,0.0015,2018-04-24T04:07:53.690Z
buy,9055.03,0.0015,2018-04-24T04:07:53.701Z
buy,9213.92,2.516,2018-04-24T04:07:53.709Z
buy,9121.03,0.0,2018-04-24T04:07:53.727Z
sell,9214.99,7.99700921,2018-04-24T04:07:53.739Z
buy,9212.0,0.001,2018-04-24T04:07:53.745Z
buy,9186.72,1.4545,2018-04-24T04:07:53.747Z
buy,9190.07,0.0,2018-04-24T04:07:53.749Z
buy,9190.08,0.536045,2018-04-24T04:07:53.797Z
buy,9186.72,1.453,2018-04-24T04:07:53.800Z
buy,9194.51,0.0,2018-04-24T04:07:53.803Z
sell,9226.94,1.455,2018-04-24T04:07:53.804Z
buy,9194.76,0.5,2018-04-24T04:07:53.819Z
sell,9226.94,1.955,2018-04-24T04:07:53.822Z
buy,9121.03,0.0015,2018-04-24T04:07:53.824Z
buy,9153.35,0.0015,2018-04-24T04:07:53.825Z
buy,9194.76,0.0,2018-04-24T04:07:53.831Z
buy,9107.8,0.23015,2018-04-24T04:07:53.910Z
buy,9211.1,0.0,2018-04-24T04:07:53.911Z
sell,9226.94,1.455,2018-04-24T04:07:53.913Z
buy,9088.03,0.0,2018-04-24T04:07:53.914Z
buy,9194.26,0.5,2018-04-24T04:07:53.916Z
buy,9214.0,2.1963,2018-04-24T04:07:53.918Z
buy,9194.26,0.0,2018-04-24T04:07:53.921Z
buy,9107.8,0.26306,2018-04-24T04:07:53.923Z
sell,9226.44,0.5,2018-04-24T04:07:53.926Z
buy,9186.72,1.4545,2018-04-24T04:07:53.929Z
buy,9194.01,0.5,2018-04-24T04:07:53.931Z
buy,9153.35,0.0,2018-04-24T04:07:53.932Z
buy,9121.03,0.0,2018-04-24T04:07:53.933Z
buy,9088.03,0.0015,2018-04-24T04:07:53.939Z
buy,9213.92,0.0,2018-04-24T04:07:53.997Z
buy,9186.72,1.453,2018-04-24T04:07:54.075Z
buy,9212.0,0.00288,2018-04-24T04:07:54.078Z
buy,9153.35,0.0015,2018-04-24T04:07:54.199Z
buy,9121.03,0.0015,2018-04-24T04:07:54.201Z
sell,10136.49,0.0,2018-04-24T04:07:54.204Z
buy,9153.35,0.0,2018-04-24T04:07:54.207Z
buy,9186.72,1.4545,2018-04-24T04:07:54.209Z
buy,9207.53,2.516,2018-04-24T04:07:54.281Z
buy,9194.01,0.0,2018-04-24T04:07:54.288Z
sell,9226.44,0.0,2018-04-24T04:07:54.289Z
buy,9193.26,0.5,2018-04-24T04:07:54.291Z
buy,9186.72,1.453,2018-04-24T04:07:54.293Z
sell,9225.94,0.5339,2018-04-24T04:07:54.296Z
buy,9153.35,0.0015,2018-04-24T04:07:54.305Z
buy,9121.03,0.0,2018-04-24T04:07:54.326Z
buy,9186.72,1.4545,2018-04-24T04:07:54.365Z
buy,9153.35,0.0,2018-04-24T04:07:54.386Z
buy,9121.03,0.0015,2018-04-24T04:07:54.393Z
buy,9088.03,0.0,2018-04-24T04:07:54.407Z
buy,9186.72,1.453,2018-04-24T04:07:54.408Z
buy,9055.03,0.0,2018-04-24T04:07:54.410Z
buy,9055.02,0.0015,2018-04-24T04:07:54.414Z
sell,9214.99,10.49700921,2018-04-24T04:07:54.443Z
buy,9190.08,0.0,2018-04-24T04:07:54.451Z
sell,9214.99,7.99700921,2018-04-24T04:07:54.459Z
buy,9193.46,0.0,2018-04-24T04:07:54.461Z
buy,9190.07,0.536045,2018-04-24T04:07:54.464Z
buy,9190.07,0.0,2018-04-24T04:07:54.466Z
buy,9190.08,0.536045,2018-04-24T04:07:54.475Z
buy,9193.46,0.01,2018-04-24T04:07:54.493Z
buy,9121.03,0.0,2018-04-24T04:07:54.533Z
buy,9153.35,0.0015,2018-04-24T04:07:54.564Z
buy,9121.02,0.0015,2018-04-24T04:07:54.567Z
sell,9214.99,10.49700921,2018-04-24T04:07:54.572Z
buy,9190.08,0.0,2018-04-24T04:07:54.578Z
buy,9088.02,0.0015,2018-04-24T04:07:54.584Z
buy,9190.07,0.536045,2018-04-24T04:07:54.587Z
buy,9121.02,0.0,2018-04-24T04:07:54.634Z
buy,9186.72,1.4545,2018-04-24T04:07:54.667Z
buy,9193.88,0.0,2018-04-24T04:07:54.690Z
buy,9186.72,1.453,2018-04-24T04:07:54.696Z
buy,9193.46,0.025,2018-04-24T04:07:54.699Z
buy,9153.35,0.0,2018-04-24T04:07:54.718Z
buy,9121.02,0.0015,2018-04-24T04:07:54.726Z
sell,9225.94,0.0339,2018-04-24T04:07:54.739Z
sell,9225.69,0.5,2018-04-24T04:07:54.758Z
buy,9088.02,0.0,2018-04-24T04:07:54.779Z
buy,9186.72,1.4545,2018-04-24T04:07:54.793Z
buy,9153.35,0.0015,2018-04-24T04:07:54.808Z
buy,9107.8,0.23015,2018-04-24T04:07:54.876Z
sell,9214.99,10.52732021,2018-04-24T04:07:54.891Z
sell,9225.69,0.0,2018-04-24T04:07:54.938Z
buy,9121.02,0.0,2018-04-24T04:07:54.953Z
buy,9153.35,0.0,2018-04-24T04:07:54.955Z
sell,9225.44,0.5,2018-04-24T04:07:54.957Z
buy,9107.8,0.24195,2018-04-24T04:07:54.959Z
buy,9186.72,1.453,2018-04-24T04:07:54.962Z
buy,9088.02,0.0015,2018-04-24T04:07:54.964Z
buy,9193.46,0.015,2018-04-24T04:07:54.966Z
buy,9214.98,9.86032989,2018-04-24T04:07:55.026Z
buy,9193.46,0.025,2018-04-24T04:07:55.032Z
sell,9223.92,0.001,2018-04-24T04:07:55.042Z
buy,9088.02,0.0,2018-04-24T04:07:55.044Z
buy,9214.0,1.1114700000000002,2018-04-24T04:07:55.045Z
buy,9179.14,0.001,2018-04-24T04:07:55.048Z
buy,9211.05,1.0852700000000002,2018-04-24T04:07:55.051Z
buy,9186.72,1.4545,2018-04-24T04:07:55.105Z
buy,9153.35,0.0015,2018-04-24T04:07:55.107Z
buy,9121.02,0.0015,2018-04-24T04:07:55.110Z
buy,9186.72,1.453,2018-04-24T04:07:55.171Z
sell,9216.99,0.00113907,2018-04-24T04:07:55.187Z
buy,9153.35,0.0,2018-04-24T04:07:55.194Z
buy,9121.02,0.0,2018-04-24T04:07:55.195Z
buy,9088.02,0.0015,2018-04-24T04:07:55.210Z
buy,9193.38,0.0,2018-04-24T04:07:55.236Z
buy,9186.72,1.4545,2018-04-24T04:07:55.245Z
buy,9192.88,1.49854987,2018-04-24T04:07:55.360Z
buy,9186.72,1.453,2018-04-24T04:07:55.390Z
buy,9153.35,0.0015,2018-04-24T04:07:55.420Z
buy,9088.02,0.0,2018-04-24T04:07:55.444Z
buy,9121.02,0.0015,2018-04-24T04:07:55.450Z
sell,9218.0,0.36687509999999995,2018-04-24T04:07:55.451Z
buy,9088.01,0.0015,2018-04-24T04:07:55.454Z
sell,9214.99,27.42732021,2018-04-24T04:07:55.483Z
sell,9233.42,0.9,2018-04-24T04:07:55.492Z
sell,9236.18,0.0,2018-04-24T04:07:55.494Z
sell,9238.02,0.0,2018-04-24T04:07:55.495Z
sell,9233.42,0.0,2018-04-24T04:07:55.497Z
sell,9214.99,28.25712021,2018-04-24T04:07:55.500Z
sell,9233.41,0.9,2018-04-24T04:07:55.535Z
buy,9193.46,0.015,2018-04-24T04:07:55.536Z
sell,9236.17,0.9,2018-04-24T04:07:55.538Z
sell,9233.41,1.8,2018-04-24T04:07:55.540Z
sell,9238.01,0.91656512,2018-04-24T04:07:55.542Z
buy,9088.01,0.0,2018-04-24T04:07:55.547Z
buy,9153.35,0.0,2018-04-24T04:07:55.568Z
buy,9121.02,0.0,2018-04-24T04:07:55.569Z
buy,9055.02,0.0,2018-04-24T04:07:55.570Z
buy,9186.72,1.4545,2018-04-24T04:07:55.573Z
buy,9055.01,0.0015,2018-04-24T04:07:55.575Z
buy,9121.01,0.0015,2018-04-24T04:07:55.592Z
sell,9225.44,0.0,2018-04-24T04:07:55.604Z
buy,9193.46,0.025,2018-04-24T04:07:55.612Z
sell,9225.69,0.5,2018-04-24T04:07:55.622Z
buy,9186.72,1.453,2018-04-24T04:07:55.637Z
sell,9214.99,25.75712021,2018-04-24T04:07:55.652Z
sell,9214.99,28.25712021,2018-04-24T04:07:55.680Z
buy,9088.01,0.0015,2018-04-24T04:07:55.683Z
buy,9153.35,0.0015,2018-04-24T04:07:55.704Z
buy,9121.01,0.0,2018-04-24T04:07:55.718Z
sell,9214.99,28.25529021,2018-04-24T04:07:55.719Z
sell,9214.99,28.25720021,2018-04-24T04:07:55.727Z
buy,9186.72,1.4545,2018-04-24T04:07:55.728Z
buy,9100.0,55.987989,2018-04-24T04:07:55.777Z
buy,9153.35,0.0,2018-04-24T04:07:55.825Z
sell,9214.99,29.05520021,2018-04-24T04:07:55.845Z
buy,9186.72,1.453,2018-04-24T04:07:55.846Z
buy,9121.01,0.0015,2018-04-24T04:07:55.854Z
buy,9107.8,0.23015,2018-04-24T04:07:55.877Z
buy,9107.8,0.21075,2018-04-24T04:07:55.882Z
buy,9107.8,0.18583,2018-04-24T04:07:55.888Z
buy,9107.8,0.10275,2018-04-24T04:07:55.889Z
sell,9214.99,28.25720021,2018-04-24T04:07:55.893Z
buy,9088.01,0.0,2018-04-24T04:07:55.912Z
buy,9107.8,0.11313,2018-04-24T04:07:55.914Z
buy,9153.35,0.0015,2018-04-24T04:07:55.920Z
buy,9186.72,1.4545,2018-04-24T04:07:55.922Z
buy,9121.01,0.0,2018-04-24T04:07:55.924Z
buy,9088.01,0.0015,2018-04-24T04:07:55.943Z
buy,9153.35,0.0,2018-04-24T04:07:55.977Z
sell,9214.99,27.42740021,2018-04-24T04:07:55.986Z
buy,9186.72,1.453,2018-04-24T04:07:55.988Z
buy,9121.01,0.0015,2018-04-24T04:07:55.996Z
buy,9088.01,0.0,2018-04-24T04:07:56.022Z
buy,9193.46,0.01,2018-04-24T04:07:56.024Z
buy,9193.88,0.015,2018-04-24T04:07:56.038Z
buy,9153.35,0.0015,2018-04-24T04:07:56.051Z
buy,9186.72,1.4545,2018-04-24T04:07:56.151Z
sell,9214.99,24.92740021,2018-04-24T04:07:56.152Z
sell,9238.01,0.01656512,2018-04-24T04:07:56.156Z
buy,9121.01,0.0,2018-04-24T04:07:56.159Z
sell,9238.02,0.9,2018-04-24T04:07:56.161Z
sell,9214.99,27.42740021,2018-04-24T04:07:56.164Z
buy,9153.35,0.0,2018-04-24T04:07:56.176Z
sell,9238.02,0.0,2018-04-24T04:07:56.177Z
sell,9214.99,28.25720021,2018-04-24T04:07:56.182Z
buy,9088.01,0.0015,2018-04-24T04:07:56.187Z
sell,9238.01,0.91656512,2018-04-24T04:07:56.191Z
sell,9214.99,25.75720021,2018-04-24T04:07:56.192Z
sell,9214.99,28.25720021,2018-04-24T04:07:56.198Z
sell,9214.99,27.42740021,2018-04-24T04:07:56.209Z
buy,9192.88,0.0,2018-04-24T04:07:56.211Z
buy,9186.72,1.453,2018-04-24T04:07:56.217Z
buy,9182.02,0.0,2018-04-24T04:07:56.223Z
sell,9214.99,28.25720021,2018-04-24T04:07:56.227Z
buy,9121.01,0.0015,2018-04-24T04:07:56.236Z
sell,9214.99,28.25839021,2018-04-24T04:07:56.248Z
buy,9153.35,0.0015,2018-04-24T04:07:56.261Z
buy,9088.01,0.0,2018-04-24T04:07:56.286Z
buy,9193.88,0.0,2018-04-24T04:07:56.296Z
buy,9193.46,0.025,2018-04-24T04:07:56.305Z
buy,9186.72,1.4545,2018-04-24T04:07:56.308Z
buy,9191.89,1.49871127,2018-04-24T04:07:56.335Z
buy,9153.35,0.0,2018-04-24T04:07:56.377Z
buy,9186.72,1.453,2018-04-24T04:07:56.398Z
buy,9121.01,0.0,2018-04-24T04:07:56.400Z
buy,9088.01,0.0015,2018-04-24T04:07:56.408Z
sell,9214.99,25.75839021,2018-04-24T04:07:56.412Z
buy,9153.35,0.0015,2018-04-24T04:07:56.428Z
sell,9214.99,28.25839021,2018-04-24T04:07:56.431Z
sell,9214.99,29.05639021,2018-04-24T04:07:56.453Z
buy,9186.72,1.4545,2018-04-24T04:07:56.470Z
sell,9241.11,0.0,2018-04-24T04:07:56.496Z
sell,9214.99,29.05829021,2018-04-24T04:07:56.510Z
buy,9214.98,10.86032989,2018-04-24T04:07:56.538Z
sell,9236.16,13.0,2018-04-24T04:07:56.550Z
buy,9193.46,0.015,2018-04-24T04:07:56.555Z
buy,9193.46,0.025,2018-04-24T04:07:56.585Z
buy,9186.72,1.453,2018-04-24T04:07:56.593Z
buy,9055.01,0.0,2018-04-24T04:07:56.627Z
buy,9088.01,0.0,2018-04-24T04:07:56.682Z
buy,9153.35,0.0,2018-04-24T04:07:56.691Z
buy,9054.99,0.0015,2018-04-24T04:07:56.695Z
buy,9087.99,0.0015,2018-04-24T04:07:56.698Z
buy,9120.99,0.0015,2018-04-24T04:07:56.741Z
sell,9214.99,26.55829021,2018-04-24T04:07:56.778Z
buy,9120.99,0.0,2018-04-24T04:07:56.779Z
sell,9214.99,25.72849021,2018-04-24T04:07:56.781Z
buy,9186.72,1.4545,2018-04-24T04:07:56.783Z
buy,9153.35,0.0015,2018-04-24T04:07:56.822Z
sell,9238.01,0.01656512,2018-04-24T04:07:56.824Z
sell,9238.02,0.9,2018-04-24T04:07:56.871Z
sell,9214.99,24.93049021,2018-04-24T04:07:56.881Z
buy,9186.72,1.453,2018-04-24T04:07:56.882Z
buy,9214.98,10.818999,2018-04-24T04:07:56.883Z
buy,9214.98,13.318999,2018-04-24T04:07:56.884Z
sell,9214.99,27.43049021,2018-04-24T04:07:56.885Z
buy,9120.99,0.0015,2018-04-24T04:07:56.906Z
buy,9214.98,10.818999,2018-04-24T04:07:56.906Z
sell,9214.99,24.93049021,2018-04-24T04:07:56.907Z
buy,9087.99,0.0,2018-04-24T04:07:56.908Z
sell,9214.99,27.43049021,2018-04-24T04:07:56.909Z
sell,9214.99,28.22849021,2018-04-24T04:07:56.910Z
buy,9186.72,1.4545,2018-04-24T04:07:56.948Z
sell,9238.02,0.0,2018-04-24T04:07:56.949Z
sell,9238.01,0.91656512,2018-04-24T04:07:56.950Z
buy,9120.99,0.0,2018-04-24T04:07:56.966Z
sell,9263.17,0.0015,2018-04-24T04:07:56.969Z
buy,9214.98,15.818999,2018-04-24T04:07:56.971Z
sell,9238.01,0.01656512,2018-04-24T04:07:56.979Z
sell,9214.99,25.72849021,2018-04-24T04:07:56.981Z
buy,9107.8,0.14817,2018-04-24T04:07:56.986Z
sell,9236.17,0.0,2018-04-24T04:07:56.988Z
sell,9238.02,0.9,2018-04-24T04:07:56.998Z
buy,9153.35,0.0,2018-04-24T04:07:57.000Z
sell,9236.18,0.9,2018-04-24T04:07:57.002Z
buy,9087.99,0.0015,2018-04-24T04:07:57.005Z
sell,9263.17,0.0,2018-04-24T04:07:57.059Z
buy,9214.98,15.817419000000001,2018-04-24T04:07:57.060Z
buy,9214.98,15.819319,2018-04-24T04:07:57.062Z
sell,9214.99,25.72999021,2018-04-24T04:07:57.063Z
buy,9209.99,0.00542016,2018-04-24T04:07:57.068Z
buy,9186.72,1.453,2018-04-24T04:07:57.069Z
buy,9120.99,0.0015,2018-04-24T04:07:57.078Z
sell,9214.99,25.72849021,2018-04-24T04:07:57.115Z
sell,9230.13,0.0015,2018-04-24T04:07:57.145Z
buy,9153.35,0.0015,2018-04-24T04:07:57.148Z
buy,9087.99,0.0,2018-04-24T04:07:57.155Z
buy,9107.8,0.11313,2018-04-24T04:07:57.179Z
buy,9186.72,1.4545,2018-04-24T04:07:57.186Z
sell,9230.13,0.0,2018-04-24T04:07:57.206Z
buy,8724.69,0.0018,2018-04-24T04:07:57.214Z
sell,9214.99,25.72999021,2018-04-24T04:07:57.228Z
buy,9120.99,0.0,2018-04-24T04:07:57.245Z
buy,9153.35,0.0,2018-04-24T04:07:57.246Z
buy,9087.99,0.0015,2018-04-24T04:07:57.256Z
sell,9214.99,26.60479021,2018-04-24T04:07:57.258Z
sell,9214.99,26.60329021,2018-04-24T04:07:57.284Z
sell,9296.05,0.0015,2018-04-24T04:07:57.309Z
buy,9186.72,1.453,2018-04-24T04:07:57.333Z
buy,9120.99,0.0015,2018-04-24T04:07:57.371Z
buy,9153.35,0.0015,2018-04-24T04:07:57.373Z
buy,9174.86,6.4,2018-04-24T04:07:57.382Z
sell,9296.05,0.0,2018-04-24T04:07:57.390Z
sell,9263.18,0.0025,2018-04-24T04:07:57.438Z
buy,9120.99,0.0,2018-04-24T04:07:57.444Z
buy,9186.72,1.4545,2018-04-24T04:07:57.452Z
buy,9214.62,0.038,2018-04-24T04:07:57.577Z
buy,9212.0,0.001,2018-04-24T04:07:57.583Z
sell,9263.18,0.001,2018-04-24T04:07:57.585Z
buy,9186.72,1.453,2018-04-24T04:07:57.599Z
buy,9193.46,0.015,2018-04-24T04:07:57.600Z
buy,9153.35,0.0,2018-04-24T04:07:57.601Z
sell,9214.99,25.72849021,2018-04-24T04:07:57.605Z
buy,9087.99,0.0,2018-04-24T04:07:57.606Z
buy,9120.98,0.0015,2018-04-24T04:07:57.611Z
sell,9263.17,0.0015,2018-04-24T04:07:57.614Z
buy,9054.99,0.0,2018-04-24T04:07:57.626Z
buy,9087.98,0.0015,2018-04-24T04:07:57.628Z
buy,9193.46,0.025,2018-04-24T04:07:57.633Z
buy,9054.98,0.0015,2018-04-24T04:07:57.636Z
buy,9193.46,0.01,2018-04-24T04:07:57.646Z
buy,9193.27,0.015,2018-04-24T04:07:57.655Z
sell,9263.17,0.0,2018-04-24T04:07:57.660Z
sell,9296.05,0.0015,2018-04-24T04:07:57.687Z
buy,9120.98,0.0,2018-04-24T04:07:57.701Z
buy,9186.72,1.4545,2018-04-24T04:07:57.712Z
buy,9214.62,0.0,2018-04-24T04:07:57.717Z
buy,9153.35,0.0015,2018-04-24T04:07:57.729Z
sell,9296.05,0.0,2018-04-24T04:07:57.759Z
buy,9153.35,0.0,2018-04-24T04:07:57.784Z
buy,9186.72,1.453,2018-04-24T04:07:57.786Z
sell,9214.99,24.93049021,2018-04-24T04:07:57.837Z
buy,9212.0,0.0027300000000000002,2018-04-24T04:07:57.850Z
buy,9120.98,0.0015,2018-04-24T04:07:57.859Z
sell,9230.13,0.0015,2018-04-24T04:07:57.867Z
buy,9087.98,0.0,2018-04-24T04:07:57.868Z
buy,9193.27,0.0,2018-04-24T04:07:57.874Z
buy,9153.35,0.0015,2018-04-24T04:07:57.879Z
buy,9193.46,0.025,2018-04-24T04:07:57.887Z
sell,9348.62,0.0,2018-04-24T04:07:57.915Z
buy,9186.72,1.4545,2018-04-24T04:07:57.932Z
sell,9230.13,0.0,2018-04-24T04:07:57.955Z
sell,9214.99,24.93199021,2018-04-24T04:07:57.985Z
buy,9120.98,0.0,2018-04-24T04:07:57.999Z
buy,9186.72,1.453,2018-04-24T04:07:58.001Z
buy,9153.35,0.0,2018-04-24T04:07:58.003Z
buy,9087.98,0.0015,2018-04-24T04:07:58.008Z
sell,9214.99,24.93049021,2018-04-24T04:07:58.030Z
sell,9263.17,0.0015,2018-04-24T04:07:58.060Z
buy,9054.98,0.0,2018-04-24T04:07:58.082Z
buy,9186.72,1.4545,2018-04-24T04:07:58.090Z
buy,9153.35,0.0015,2018-04-24T04:07:58.106Z
sell,9263.17,0.0,2018-04-24T04:07:58.122Z
buy,9193.46,0.01,2018-04-24T04:07:58.123Z
buy,9193.27,0.015,2018-04-24T04:07:58.131Z
buy,9087.98,0.0,2018-04-24T04:07:58.141Z
sell,9296.05,0.0015,2018-04-24T04:07:58.149Z
buy,9120.98,0.0015,2018-04-24T04:07:58.153Z
buy,9186.72,1.453,2018-04-24T04:07:58.163Z
buy,9054.98,0.0015,2018-04-24T04:07:58.175Z
buy,9120.98,0.0,2018-04-24T04:07:58.194Z
sell,9296.05,0.0,2018-04-24T04:07:58.216Z
buy,9153.35,0.0,2018-04-24T04:07:58.218Z
buy,9087.98,0.0015,2018-04-24T04:07:58.231Z
sell,9230.13,0.0015,2018-04-24T04:07:58.239Z
buy,9186.72,1.4545,2018-04-24T04:07:58.243Z
buy,9193.27,0.0,2018-04-24T04:07:58.246Z
buy,9193.46,0.025,2018-04-24T04:07:58.257Z
buy,9186.72,1.453,2018-04-24T04:07:58.288Z
buy,9153.35,0.0015,2018-04-24T04:07:58.298Z
sell,9231.0,0.401,2018-04-24T04:07:58.307Z
sell,9230.13,0.0,2018-04-24T04:07:58.311Z
buy,9120.98,0.0015,2018-04-24T04:07:58.318Z
sell,9215.99,0.00113919,2018-04-24T04:07:58.339Z
buy,9193.46,0.01,2018-04-24T04:07:58.381Z
buy,9193.27,0.015,2018-04-24T04:07:58.386Z
sell,9263.17,0.0015,2018-04-24T04:07:58.391Z
buy,9153.35,0.0,2018-04-24T04:07:58.429Z
buy,9186.72,1.4545,2018-04-24T04:07:58.435Z
sell,9263.17,0.0,2018-04-24T04:07:58.440Z
buy,9193.27,0.0,2018-04-24T04:07:58.441Z
buy,9193.46,0.025,2018-04-24T04:07:58.444Z
sell,9329.05,0.0015,2018-04-24T04:07:58.455Z
buy,9186.72,1.453,2018-04-24T04:07:58.481Z
buy,9087.98,0.0,2018-04-24T04:07:58.485Z
buy,9120.98,0.0,2018-04-24T04:07:58.487Z
sell,9214.99,25.72849021,2018-04-24T04:07:58.493Z
buy,9153.35,0.0015,2018-04-24T04:07:58.494Z
buy,9087.97,0.0015,2018-04-24T04:07:58.515Z
buy,9120.97,0.0015,2018-04-24T04:07:58.517Z
buy,9193.46,0.01,2018-04-24T04:07:58.554Z
buy,9193.27,0.015,2018-04-24T04:07:58.567Z
buy,9054.98,0.0,2018-04-24T04:07:58.608Z
buy,9120.97,0.0,2018-04-24T04:07:58.635Z
sell,9329.05,0.0,2018-04-24T04:07:58.636Z
buy,9054.97,0.0015,2018-04-24T04:07:58.641Z
buy,9186.72,1.4545,2018-04-24T04:07:58.644Z
buy,9193.27,0.0,2018-04-24T04:07:58.657Z
sell,9230.13,0.0015,2018-04-24T04:07:58.660Z
buy,9193.46,0.025,2018-04-24T04:07:58.666Z
buy,9193.46,0.015,2018-04-24T04:07:58.696Z
sell,9230.13,0.0,2018-04-24T04:07:58.698Z
buy,9153.35,0.0,2018-04-24T04:07:58.718Z
buy,9193.46,0.025,2018-04-24T04:07:58.728Z
buy,9186.72,1.453,2018-04-24T04:07:58.730Z
buy,9120.97,0.0015,2018-04-24T04:07:58.736Z
sell,9263.18,0.0025,2018-04-24T04:07:58.739Z
buy,9193.46,0.01,2018-04-24T04:07:58.759Z
buy,9193.27,0.015,2018-04-24T04:07:58.767Z
sell,9217.0,0.057,2018-04-24T04:07:58.774Z
buy,9054.97,0.0,2018-04-24T04:07:58.791Z
buy,9107.8,0.11535,2018-04-24T04:07:58.793Z
sell,9214.99,28.22849021,2018-04-24T04:07:58.811Z
sell,9236.18,0.0,2018-04-24T04:07:58.815Z
sell,9263.18,0.001,2018-04-24T04:07:58.816Z
sell,9236.17,0.9,2018-04-24T04:07:58.819Z
buy,9186.72,1.4545,2018-04-24T04:07:58.821Z
sell,9296.05,0.0015,2018-04-24T04:07:58.847Z
buy,9193.27,0.0,2018-04-24T04:07:58.859Z
sell,9225.69,0.0,2018-04-24T04:07:58.861Z
buy,9193.46,0.025,2018-04-24T04:07:58.865Z
sell,9225.44,0.5,2018-04-24T04:07:58.877Z
sell,9214.99,25.72849021,2018-04-24T04:07:58.880Z
sell,9214.99,28.22849021,2018-04-24T04:07:58.898Z
sell,9214.99,28.23934221,2018-04-24T04:07:58.983Z
buy,9193.46,0.01,2018-04-24T04:07:58.984Z
sell,9296.05,0.0,2018-04-24T04:07:58.984Z
buy,9193.27,0.015,2018-04-24T04:07:58.986Z
sell,9263.18,0.0025,2018-04-24T04:07:59.053Z
sell,9214.99,28.23743221,2018-04-24T04:07:59.063Z
sell,9214.99,28.23624221,2018-04-24T04:07:59.064Z
sell,9214.99,28.23434221,2018-04-24T04:07:59.065Z
sell,9214.99,28.23615221,2018-04-24T04:07:59.069Z
buy,9193.27,0.0,2018-04-24T04:07:59.075Z
buy,9193.46,0.025,2018-04-24T04:07:59.078Z
sell,9263.18,0.001,2018-04-24T04:07:59.081Z
sell,9214.99,25.73615221,2018-04-24T04:07:59.088Z
sell,9236.17,0.0,2018-04-24T04:07:59.096Z
sell,9236.18,0.9,2018-04-24T04:07:59.105Z
sell,9296.05,0.0015,2018-04-24T04:07:59.109Z
sell,9296.05,0.0,2018-04-24T04:07:59.183Z
sell,9263.17,0.0015,2018-04-24T04:07:59.205Z
sell,9231.15,0.0,2018-04-24T04:07:59.449Z
buy,9186.72,1.453,2018-04-24T04:07:59.467Z
sell,9215.98,0.00124755,2018-04-24T04:07:59.483Z
buy,9120.95,0.0015,2018-04-24T04:07:59.492Z
buy,9207.53,0.0,2018-04-24T04:07:59.519Z
buy,9214.98,18.319319,2018-04-24T04:07:59.536Z
buy,9214.98,15.819319,2018-04-24T04:07:59.542Z
buy,9214.98,18.319319,2018-04-24T04:07:59.560Z
buy,9214.98,15.819319,2018-04-24T04:07:59.569Z
buy,9214.98,18.319319,2018-04-24T04:07:59.590Z
sell,9263.17,0.0,2018-04-24T04:07:59.597Z
buy,9214.98,15.819319,2018-04-24T04:07:59.598Z
buy,9214.98,18.319319,2018-04-24T04:07:59.615Z
buy,9120.95,0.0,2018-04-24T04:07:59.620Z
buy,9087.97,0.0,2018-04-24T04:07:59.622Z
buy,9214.98,15.819319,2018-04-24T04:07:59.625Z
buy,9087.95,0.0015,2018-04-24T04:07:59.628Z
sell,9296.05,0.0015,2018-04-24T04:07:59.631Z
buy,9054.95,0.0015,2018-04-24T04:07:59.634Z
buy,9214.98,18.319319,2018-04-24T04:07:59.645Z
sell,9214.99,23.23615221,2018-04-24T04:07:59.646Z
sell,9233.41,0.9,2018-04-24T04:07:59.653Z
buy,9214.98,15.819319,2018-04-24T04:07:59.654Z
sell,9214.99,25.73615221,2018-04-24T04:07:59.659Z
sell,9233.42,0.9,2018-04-24T04:07:59.662Z
sell,9233.42,0.0,2018-04-24T04:07:59.666Z
buy,9214.98,18.319319,2018-04-24T04:07:59.671Z
buy,9174.86,0.0,2018-04-24T04:07:59.673Z
sell,9233.41,1.8,2018-04-24T04:07:59.676Z
sell,9214.99,23.23615221,2018-04-24T04:07:59.680Z
sell,9233.41,0.9,2018-04-24T04:07:59.688Z
sell,9233.41,0.0,2018-04-24T04:07:59.689Z
sell,9233.42,0.9,2018-04-24T04:07:59.696Z
sell,9233.42,1.8,2018-04-24T04:07:59.699Z
sell,9296.05,0.0,2018-04-24T04:07:59.700Z
buy,9193.46,0.015,2018-04-24T04:07:59.712Z
buy,9120.97,0.0,2018-04-24T04:07:59.717Z
sell,9263.16,0.0015,2018-04-24T04:07:59.727Z
buy,9120.95,0.0015,2018-04-24T04:07:59.731Z
buy,9213.92,2.516,2018-04-24T04:07:59.736Z
buy,9186.72,1.4545,2018-04-24T04:07:59.750Z
buy,9193.46,0.025,2018-04-24T04:07:59.752Z
sell,9263.16,0.0,2018-04-24T04:07:59.814Z
buy,9193.46,0.01,2018-04-24T04:07:59.815Z
buy,9193.27,0.015,2018-04-24T04:07:59.820Z
sell,9263.18,0.0025,2018-04-24T04:07:59.838Z
sell,9263.18,0.001,2018-04-24T04:07:59.875Z
buy,9214.98,15.819319,2018-04-24T04:07:59.889Z
sell,9233.42,0.9,2018-04-24T04:07:59.895Z
sell,9233.42,0.0,2018-04-24T04:07:59.896Z
sell,9296.05,0.0015,2018-04-24T04:07:59.899Z
sell,9233.41,0.9,2018-04-24T04:07:59.902Z
sell,9233.41,1.8,2018-04-24T04:07:59.905Z
sell,9275.15,0.0,2018-04-24T04:07:59.906Z
sell,9319.74,0.12905999999999998,2018-04-24T04:07:59.918Z
sell,9214.99,6.33615221,2018-04-24T04:07:59.936Z
buy,9214.98,18.319319,2018-04-24T04:07:59.941Z
sell,9214.99,5.33615221,2018-04-24T04:07:59.946Z
sell,9233.41,0.9,2018-04-24T04:07:59.950Z
sell,9236.18,0.0,2018-04-24T04:07:59.951Z
buy,9214.98,19.319319,2018-04-24T04:07:59.953Z
sell,9233.43,0.9,2018-04-24T04:07:59.958Z
sell,9236.19,0.9,2018-04-24T04:07:59.962Z
sell,9233.41,0.0,2018-04-24T04:07:59.985Z
sell,9236.5,0.0,2018-04-24T04:07:59.987Z
buy,9212.0,0.001,2018-04-24T04:07:59.989Z
sell,9233.43,1.8,2018-04-24T04:07:59.991Z
buy,9214.98,19.317419,2018-04-24T04:07:59.992Z
sell,9238.02,0.0,2018-04-24T04:07:59.993Z
sell,9238.03,0.9,2018-04-24T04:07:59.996Z
buy,9214.98,19.318659,2018-04-24T04:07:59.999Z
buy,9190.07,0.0,2018-04-24T04:08:00.000Z
sell,9296.05,0.0,2018-04-24T04:08:00.002Z
sell,9238.03,0.0,2018-04-24T04:08:00.003Z
buy,9193.27,0.0,2018-04-24T04:08:00.004Z
buy,9193.46,0.025,2018-04-24T04:08:00.007Z
sell,9214.99,2.83615221,2018-04-24T04:08:00.008Z
buy,9190.09,0.536045,2018-04-24T04:08:00.012Z
sell,9238.04,0.9,2018-04-24T04:08:00.015Z
buy,9193.46,0.015,2018-04-24T04:08:00.016Z
buy,9214.98,19.690659,2018-04-24T04:08:00.018Z
sell,9236.51,0.005,2018-04-24T04:08:00.021Z
sell,9236.19,0.0,2018-04-24T04:08:00.030Z
sell,9296.05,0.0015,2018-04-24T04:08:00.032Z
sell,9236.2,0.9,2018-04-24T04:08:00.035Z
sell,9296.05,0.0,2018-04-24T04:08:00.070Z
buy,9193.46,0.0,2018-04-24T04:08:00.126Z
buy,9193.28,0.015,2018-04-24T04:08:00.129Z
sell,9263.17,0.0015,2018-04-24T04:08:00.131Z
sell,9263.17,0.0,2018-04-24T04:08:00.143Z
sell,9296.05,0.0015,2018-04-24T04:08:00.172Z
buy,9193.28,0.0,2018-04-24T04:08:00.179Z
buy,9193.27,0.015,2018-04-24T04:08:00.185Z
buy,9213.92,0.0,2018-04-24T04:08:00.238Z
sell,9296.05,0.0,2018-04-24T04:08:00.243Z
sell,9263.18,0.0025,2018-04-24T04:08:00.263Z
buy,9212.0,0.00243,2018-04-24T04:08:00.311Z
sell,9263.18,0.001,2018-04-24T04:08:00.364Z
sell,9296.05,0.0015,2018-04-24T04:08:00.406Z
buy,9211.05,0.0,2018-04-24T04:08:00.431Z
buy,9214.94,6.19264792,2018-04-24T04:08:00.447Z
sell,9296.05,0.0,2018-04-24T04:08:00.475Z
sell,9214.99,2.03815221,2018-04-24T04:08:00.485Z
buy,9120.95,0.0,2018-04-24T04:08:00.502Z
buy,9054.95,0.0,2018-04-24T04:08:00.507Z
buy,9087.95,0.0,2018-04-24T04:08:00.508Z
buy,9186.72,1.453,2018-04-24T04:08:00.509Z
buy,9087.94,0.0015,2018-04-24T04:08:00.511Z
sell,9263.18,0.0025,2018-04-24T04:08:00.513Z
buy,9054.94,0.0015,2018-04-24T04:08:00.516Z
buy,9178.35,6.4,2018-04-24T04:08:00.545Z
sell,9214.99,2.03915221,2018-04-24T04:08:00.682Z
buy,9087.94,0.0,2018-04-24T04:08:00.684Z
sell,9233.43,0.9,2018-04-24T04:08:00.688Z
buy,9190.09,0.0,2018-04-24T04:08:00.689Z
sell,9238.04,0.0,2018-04-24T04:08:00.689Z
sell,9263.18,0.001,2018-04-24T04:08:00.693Z
buy,9120.94,0.0015,2018-04-24T04:08:00.696Z
sell,9214.99,2.35815221,2018-04-24T04:08:00.697Z
sell,9233.43,1.8,2018-04-24T04:08:00.700Z
buy,9186.72,1.4545,2018-04-24T04:08:00.701Z
buy,9190.09,0.536045,2018-04-24T04:08:00.704Z
sell,9238.04,0.9,2018-04-24T04:08:00.751Z
sell,9263.17,0.0015,2018-04-24T04:08:00.760Z
buy,9193.46,0.01,2018-04-24T04:08:00.769Z
buy,9186.72,1.453,2018-04-24T04:08:00.787Z
buy,9120.94,0.0,2018-04-24T04:08:00.788Z
buy,9087.94,0.0015,2018-04-24T04:08:00.794Z
sell,9263.17,0.0,2018-04-24T04:08:00.825Z
sell,9296.05,0.0015,2018-04-24T04:08:00.889Z
buy,9193.27,0.0,2018-04-24T04:08:00.893Z
sell,9233.43,0.9,2018-04-24T04:08:00.894Z
sell,9236.2,0.0,2018-04-24T04:08:00.895Z
buy,9186.72,1.4545,2018-04-24T04:08:00.898Z
buy,9193.46,0.025,2018-04-24T04:08:00.899Z
buy,9206.14,2.516,2018-04-24T04:08:00.900Z
buy,9054.94,0.0,2018-04-24T04:08:00.907Z
buy,9120.94,0.0015,2018-04-24T04:08:00.910Z
sell,9233.43,1.8,2018-04-24T04:08:00.915Z
sell,9296.05,0.0,2018-04-24T04:08:00.917Z
sell,9236.2,0.9,2018-04-24T04:08:01.021Z
sell,9263.18,0.0025,2018-04-24T04:08:01.024Z
buy,9193.46,0.01,2018-04-24T04:08:01.030Z
buy,9193.27,0.015,2018-04-24T04:08:01.035Z
buy,9087.94,0.0,2018-04-24T04:08:01.036Z
buy,9186.72,1.453,2018-04-24T04:08:01.037Z
buy,9120.94,0.0,2018-04-24T04:08:01.038Z
buy,9054.94,0.0015,2018-04-24T04:08:01.042Z
sell,9263.18,0.001,2018-04-24T04:08:01.043Z
sell,9223.92,0.0,2018-04-24T04:08:01.220Z
sell,9263.16,0.0015,2018-04-24T04:08:01.221Z
buy,9186.72,1.4545,2018-04-24T04:08:01.228Z
buy,9193.27,0.0,2018-04-24T04:08:01.229Z
buy,9054.94,0.0,2018-04-24T04:08:01.231Z
buy,9193.46,0.025,2018-04-24T04:08:01.233Z
sell,9229.77,0.2,2018-04-24T04:08:01.234Z
buy,9120.94,0.0015,2018-04-24T04:08:01.236Z
buy,9107.8,0.19108,2018-04-24T04:08:01.241Z
sell,9263.16,0.0,2018-04-24T04:08:01.243Z
buy,9186.72,1.453,2018-04-24T04:08:01.247Z
sell,9263.18,0.0025,2018-04-24T04:08:01.250Z
buy,9087.94,0.0015,2018-04-24T04:08:01.251Z
buy,9193.46,0.01,2018-04-24T04:08:01.252Z
buy,9120.94,0.0,2018-04-24T04:08:01.254Z
sell,9263.18,0.001,2018-04-24T04:08:01.255Z
sell,11775.0,0.4044,2018-04-24T04:08:01.255Z
buy,9087.94,0.0,2018-04-24T04:08:01.263Z
buy,9193.27,0.015,2018-04-24T04:08:01.294Z
buy,9054.94,0.0015,2018-04-24T04:08:01.295Z
buy,9186.72,1.4545,2018-04-24T04:08:01.298Z
sell,9296.05,0.0015,2018-04-24T04:08:01.337Z
buy,9186.72,1.453,2018-04-24T04:08:01.365Z
buy,9120.94,0.0015,2018-04-24T04:08:01.398Z
buy,9193.27,0.0,2018-04-24T04:08:01.399Z
buy,9087.94,0.0015,2018-04-24T04:08:01.401Z
buy,9193.46,0.025,2018-04-24T04:08:01.405Z
sell,9296.05,0.0,2018-04-24T04:08:01.427Z
buy,9214.98,19.85241978,2018-04-24T04:08:01.448Z
sell,9263.18,0.0025,2018-04-24T04:08:01.450Z
buy,9193.46,0.01,2018-04-24T04:08:01.515Z
buy,9120.94,0.0,2018-04-24T04:08:01.518Z
buy,9193.27,0.015,2018-04-24T04:08:01.519Z
buy,9186.72,1.4545,2018-04-24T04:08:01.521Z
buy,9193.27,0.0,2018-04-24T04:08:01.614Z
buy,9193.46,0.025,2018-04-24T04:08:01.616Z
sell,9289.99,1.11675,2018-04-24T04:08:01.618Z
sell,9289.99,1.1265,2018-04-24T04:08:01.677Z
buy,9120.93,0.0015,2018-04-24T04:08:01.695Z
sell,9263.18,0.001,2018-04-24T04:08:01.699Z
buy,8952.45,0.12,2018-04-24T04:08:01.701Z
buy,9186.72,1.453,2018-04-24T04:08:01.724Z
buy,9054.94,0.0,2018-04-24T04:08:01.729Z
buy,9120.93,0.0,2018-04-24T04:08:01.730Z
buy,9087.94,0.0,2018-04-24T04:08:01.736Z
buy,9087.93,0.0015,2018-04-24T04:08:01.739Z
buy,9054.93,0.0015,2018-04-24T04:08:01.741Z
sell,9296.05,0.0015,2018-04-24T04:08:01.742Z
buy,9087.93,0.0,2018-04-24T04:08:01.821Z
buy,9193.46,0.015,2018-04-24T04:08:01.832Z
buy,9186.72,1.4545,2018-04-24T04:08:01.851Z
buy,9193.46,0.025,2018-04-24T04:08:01.862Z
sell,9296.05,0.0,2018-04-24T04:08:01.876Z
buy,9120.93,0.0015,2018-04-24T04:08:01.882Z
buy,9071.47,0.0,2018-04-24T04:08:01.886Z
buy,9126.01,0.18334,2018-04-24T04:08:01.898Z
buy,9107.8,0.41923999999999995,2018-04-24T04:08:01.909Z
buy,9186.72,1.453,2018-04-24T04:08:01.910Z
buy,9087.93,0.0015,2018-04-24T04:08:01.936Z
buy,9193.46,0.01,2018-04-24T04:08:01.948Z
buy,9193.27,0.015,2018-04-24T04:08:01.957Z
sell,9296.05,0.0015,2018-04-24T04:08:01.965Z
buy,9120.93,0.0,2018-04-24T04:08:01.975Z
buy,9186.72,1.4545,2018-04-24T04:08:01.983Z
sell,9296.05,0.0,2018-04-24T04:08:02.040Z
buy,9193.27,0.0,2018-04-24T04:08:02.059Z
buy,9193.46,0.025,2018-04-24T04:08:02.072Z
sell,9263.18,0.0025,2018-04-24T04:08:02.074Z
buy,9214.94,2.19264792,2018-04-24T04:08:02.300Z
buy,9186.72,1.453,2018-04-24T04:08:02.330Z
buy,9120.93,0.0015,2018-04-24T04:08:02.360Z
sell,9221.05,0.001,2018-04-24T04:08:02.363Z
sell,9263.18,0.001,2018-04-24T04:08:02.381Z
buy,9206.14,0.0,2018-04-24T04:08:02.393Z
buy,9120.93,0.0,2018-04-24T04:08:02.402Z
buy,9186.72,1.4545,2018-04-24T04:08:02.411Z
buy,9178.35,0.0,2018-04-24T04:08:02.744Z
buy,8952.45,0.02,2018-04-24T04:08:02.857Z
buy,8950.69,0.1,2018-04-24T04:08:02.867Z
buy,9126.01,0.0,2018-04-24T04:08:02.888Z
buy,9071.47,0.42091000000000006,2018-04-24T04:08:02.902Z
buy,9193.46,0.015,2018-04-24T04:08:02.906Z
sell,9214.99,2.03915221,2018-04-24T04:08:02.922Z
buy,9193.46,0.025,2018-04-24T04:08:02.941Z
sell,9263.17,0.0015,2018-04-24T04:08:02.959Z
buy,8950.69,0.0,2018-04-24T04:08:02.976Z
buy,9087.93,0.0,2018-04-24T04:08:02.979Z
buy,9186.72,1.453,2018-04-24T04:08:02.982Z
buy,9087.92,0.0015,2018-04-24T04:08:02.989Z
buy,8948.37,0.1,2018-04-24T04:08:02.995Z
buy,9120.92,0.0015,2018-04-24T04:08:02.996Z
sell,9263.17,0.0,2018-04-24T04:08:03.008Z
buy,9193.46,0.01,2018-04-24T04:08:03.011Z
buy,9193.27,0.015,2018-04-24T04:08:03.017Z
sell,9296.05,0.0015,2018-04-24T04:08:03.037Z
buy,9120.92,0.0,2018-04-24T04:08:03.073Z
buy,9087.92,0.0,2018-04-24T04:08:03.087Z
buy,9054.93,0.0,2018-04-24T04:08:03.088Z
buy,9054.92,0.0015,2018-04-24T04:08:03.094Z
buy,9186.72,1.4545,2018-04-24T04:08:03.100Z
buy,9193.27,0.0,2018-04-24T04:08:03.104Z
buy,9193.46,0.025,2018-04-24T04:08:03.113Z
sell,9296.05,0.0,2018-04-24T04:08:03.167Z
sell,9263.18,0.0025,2018-04-24T04:08:03.195Z
buy,9193.46,0.01,2018-04-24T04:08:03.204Z
buy,9186.72,1.453,2018-04-24T04:08:03.220Z
buy,9193.27,0.015,2018-04-24T04:08:03.223Z
buy,9213.92,2.516,2018-04-24T04:08:03.225Z
sell,9263.18,0.001,2018-04-24T04:08:03.260Z
buy,9213.92,0.0,2018-04-24T04:08:03.261Z
buy,9120.92,0.0015,2018-04-24T04:08:03.263Z
buy,9087.92,0.0015,2018-04-24T04:08:03.265Z
buy,9193.27,0.0,2018-04-24T04:08:03.319Z
buy,9193.46,0.025,2018-04-24T04:08:03.329Z
sell,9263.17,0.0015,2018-04-24T04:08:03.372Z
buy,9179.58,0.001,2018-04-24T04:08:03.425Z
buy,9054.92,0.0,2018-04-24T04:08:03.451Z
buy,9186.72,1.4545,2018-04-24T04:08:03.485Z
sell,9289.99,1.128,2018-04-24T04:08:03.618Z
sell,9263.17,0.0,2018-04-24T04:08:03.647Z
buy,9213.11,0.00132,2018-04-24T04:08:03.650Z
sell,9296.05,0.0015,2018-04-24T04:08:03.671Z
buy,9087.92,0.0,2018-04-24T04:08:03.692Z
buy,9120.92,0.0,2018-04-24T04:08:03.694Z
buy,9186.72,1.453,2018-04-24T04:08:03.695Z
buy,9054.92,0.0015,2018-04-24T04:08:03.702Z
sell,9214.99,1.77415221,2018-04-24T04:08:03.703Z
sell,9214.99,1.66615221,2018-04-24T04:08:03.735Z
sell,9296.05,0.0,2018-04-24T04:08:03.740Z
buy,9174.45,6.4,2018-04-24T04:08:03.744Z
buy,9214.98,19.89041978,2018-04-24T04:08:03.748Z
sell,9263.18,0.0025,2018-04-24T04:08:03.764Z
buy,9087.92,0.0015,2018-04-24T04:08:03.769Z
buy,9054.92,0.0,2018-04-24T04:08:03.795Z
sell,9263.18,0.001,2018-04-24T04:08:03.816Z
buy,9120.92,0.0015,2018-04-24T04:08:03.825Z
buy,9206.14,2.516,2018-04-24T04:08:03.927Z
buy,9213.11,0.0,2018-04-24T04:08:03.932Z
buy,9193.46,0.015,2018-04-24T04:08:04.004Z
buy,9214.98,19.79901978,2018-04-24T04:08:04.013Z
buy,9193.46,0.025,2018-04-24T04:08:04.035Z
sell,9263.17,0.0015,2018-04-24T04:08:04.049Z
buy,8949.35,0.1,2018-04-24T04:08:04.058Z
buy,9087.92,0.0,2018-04-24T04:08:04.071Z
buy,9120.92,0.0,2018-04-24T04:08:04.073Z
buy,9120.9,0.0015,2018-04-24T04:08:04.079Z
buy,9087.9,0.0015,2018-04-24T04:08:04.082Z
sell,9263.17,0.0,2018-04-24T04:08:04.093Z
buy,9120.9,0.0,2018-04-24T04:08:04.150Z
buy,9193.46,0.01,2018-04-24T04:08:04.166Z
buy,9087.9,0.0,2018-04-24T04:08:04.174Z
buy,9193.27,0.015,2018-04-24T04:08:04.178Z
buy,9054.9,0.0015,2018-04-24T04:08:04.181Z
buy,9186.72,1.4545,2018-04-24T04:08:04.184Z
buy,9211.0,0.10272,2018-04-24T04:08:04.193Z
sell,9263.16,0.0015,2018-04-24T04:08:04.208Z
buy,9186.72,1.453,2018-04-24T04:08:04.260Z
buy,9193.27,0.0,2018-04-24T04:08:04.271Z
buy,9193.46,0.025,2018-04-24T04:08:04.288Z
buy,9206.14,0.0,2018-04-24T04:08:04.289Z
buy,9120.9,0.0015,2018-04-24T04:08:04.300Z
buy,9087.9,0.0015,2018-04-24T04:08:04.303Z
sell,9263.16,0.0,2018-04-24T04:08:04.306Z
sell,9296.05,0.0015,2018-04-24T04:08:04.334Z
buy,8945.99,0.0,2018-04-24T04:08:04.335Z
buy,9087.9,0.0,2018-04-24T04:08:04.371Z
buy,9186.72,1.4545,2018-04-24T04:08:04.387Z
sell,9296.05,0.0,2018-04-24T04:08:04.401Z
buy,9214.98,19.80093764,2018-04-24T04:08:04.413Z
buy,9120.9,0.0,2018-04-24T04:08:04.422Z
buy,9186.72,1.453,2018-04-24T04:08:04.423Z
buy,9087.9,0.0015,2018-04-24T04:08:04.431Z
sell,9263.17,0.0015,2018-04-24T04:08:04.484Z
buy,9214.98,19.89233764,2018-04-24T04:08:04.588Z
buy,9054.9,0.0,2018-04-24T04:08:04.618Z
sell,9289.99,1.13006,2018-04-24T04:08:04.633Z
buy,9186.72,1.4545,2018-04-24T04:08:04.648Z
buy,9087.9,0.0,2018-04-24T04:08:04.668Z
buy,9120.9,0.0015,2018-04-24T04:08:04.677Z
buy,9213.32,2.516,2018-04-24T04:08:04.686Z
sell,9263.17,0.0,2018-04-24T04:08:04.694Z
buy,9186.72,1.453,2018-04-24T04:08:04.714Z
buy,9054.9,0.0015,2018-04-24T04:08:04.721Z
sell,9296.05,0.0015,2018-04-24T04:08:04.758Z
buy,9120.9,0.0,2018-04-24T04:08:04.762Z
buy,9087.9,0.0015,2018-04-24T04:08:04.768Z
buy,9186.72,1.4545,2018-04-24T04:08:04.828Z
buy,9087.9,0.0,2018-04-24T04:08:04.834Z
sell,9296.05,0.0,2018-04-24T04:08:04.836Z
buy,9087.89,0.0015,2018-04-24T04:08:04.843Z
buy,9186.72,1.453,2018-04-24T04:08:04.946Z
buy,9054.9,0.0,2018-04-24T04:08:04.967Z
buy,9087.89,0.0,2018-04-24T04:08:04.968Z
buy,9054.89,0.0015,2018-04-24T04:08:04.984Z
buy,9193.26,0.0,2018-04-24T04:08:04.994Z
sell,9263.17,0.0015,2018-04-24T04:08:04.996Z
buy,9193.46,0.015,2018-04-24T04:08:04.997Z
buy,9120.89,0.0015,2018-04-24T04:08:05.000Z
buy,9193.01,0.5,2018-04-24T04:08:05.013Z
buy,9054.89,0.0,2018-04-24T04:08:05.043Z
buy,9193.46,0.025,2018-04-24T04:08:05.044Z
buy,9087.89,0.0015,2018-04-24T04:08:05.053Z
buy,9193.01,0.0,2018-04-24T04:08:05.074Z
buy,9193.26,0.5,2018-04-24T04:08:05.091Z
sell,9263.17,0.0,2018-04-24T04:08:05.094Z
buy,9193.46,0.01,2018-04-24T04:08:05.096Z
buy,9193.01,0.015,2018-04-24T04:08:05.104Z
buy,9120.89,0.0,2018-04-24T04:08:05.110Z
buy,9087.89,0.0,2018-04-24T04:08:05.113Z
sell,9296.05,0.0015,2018-04-24T04:08:05.131Z
buy,9054.89,0.0015,2018-04-24T04:08:05.147Z
sell,9298.54,0.3113335,2018-04-24T04:08:05.164Z
buy,9186.72,1.4545,2018-04-24T04:08:05.171Z
buy,9193.01,0.0,2018-04-24T04:08:05.186Z
buy,9193.46,0.025,2018-04-24T04:08:05.203Z
sell,9296.05,0.0,2018-04-24T04:08:05.205Z
buy,9186.72,1.453,2018-04-24T04:08:05.224Z
sell,9263.18,0.0025,2018-04-24T04:08:05.233Z
buy,9087.89,0.0015,2018-04-24T04:08:05.236Z
buy,9120.89,0.0015,2018-04-24T04:08:05.299Z
buy,9087.89,0.0,2018-04-24T04:08:05.301Z
buy,9107.8,0.19108,2018-04-24T04:08:05.303Z
buy,9107.8,0.11535,2018-04-24T04:08:05.304Z
buy,9107.8,0.15137,2018-04-24T04:08:05.324Z
buy,9186.72,1.4545,2018-04-24T04:08:05.326Z
sell,9263.18,0.001,2018-04-24T04:08:05.348Z
buy,9120.89,0.0,2018-04-24T04:08:05.354Z
buy,9087.89,0.0015,2018-04-24T04:08:05.362Z
buy,9211.0,0.10099999999999999,2018-04-24T04:08:05.431Z
buy,9174.45,0.0,2018-04-24T04:08:05.437Z
sell,9263.17,0.0015,2018-04-24T04:08:05.694Z
buy,9186.72,1.453,2018-04-24T04:08:05.714Z
buy,9120.89,0.0015,2018-04-24T04:08:05.722Z
sell,9263.17,0.0,2018-04-24T04:08:05.735Z
buy,9054.89,0.0,2018-04-24T04:08:05.760Z
buy,9186.72,1.4545,2018-04-24T04:08:05.791Z
buy,9107.8,0.22657,2018-04-24T04:08:05.800Z
sell,9263.18,0.0025,2018-04-24T04:08:05.809Z
buy,9120.89,0.0,2018-04-24T04:08:05.826Z
buy,9087.89,0.0,2018-04-24T04:08:05.846Z
buy,9186.72,1.453,2018-04-24T04:08:05.847Z
buy,9054.89,0.0015,2018-04-24T04:08:05.858Z
sell,9231.14,0.0,2018-04-24T04:08:05.921Z
sell,9217.99,0.00157275,2018-04-24T04:08:05.951Z
sell,9219.97,0.0,2018-04-24T04:08:05.960Z
sell,9263.18,0.001,2018-04-24T04:08:05.968Z
buy,9054.89,0.0,2018-04-24T04:08:06.013Z
sell,9296.05,0.0015,2018-04-24T04:08:06.014Z
buy,9087.88,0.0015,2018-04-24T04:08:06.016Z
buy,9186.72,1.4545,2018-04-24T04:08:06.018Z
buy,9087.88,0.0,2018-04-24T04:08:06.055Z
sell,9296.05,0.0,2018-04-24T04:08:06.067Z
buy,9153.4,0.0015,2018-04-24T04:08:06.076Z
buy,9186.72,1.453,2018-04-24T04:08:06.092Z
buy,9193.46,0.015,2018-04-24T04:08:06.095Z
buy,9054.88,0.0015,2018-04-24T04:08:06.117Z
buy,9193.46,0.025,2018-04-24T04:08:06.122Z
sell,9296.05,0.0015,2018-04-24T04:08:06.143Z
buy,9153.4,0.0,2018-04-24T04:08:06.180Z
buy,9087.88,0.0015,2018-04-24T04:08:06.182Z
buy,9193.46,0.01,2018-04-24T04:08:06.194Z
buy,9193.27,0.015,2018-04-24T04:08:06.201Z
sell,9296.05,0.0,2018-04-24T04:08:06.202Z
sell,9263.17,0.0015,2018-04-24T04:08:06.221Z
buy,9120.88,0.0015,2018-04-24T04:08:06.223Z
buy,9087.88,0.0,2018-04-24T04:08:06.238Z
buy,9186.72,1.4545,2018-04-24T04:08:06.267Z
buy,9193.27,0.0,2018-04-24T04:08:06.292Z
buy,9193.46,0.025,2018-04-24T04:08:06.301Z
buy,9176.83,6.4,2018-04-24T04:08:06.324Z
sell,9263.17,0.0,2018-04-24T04:08:06.350Z
buy,9120.88,0.0,2018-04-24T04:08:06.372Z
buy,9186.72,1.453,2018-04-24T04:08:06.374Z
sell,9296.05,0.0015,2018-04-24T04:08:06.381Z
buy,9087.88,0.0015,2018-04-24T04:08:06.446Z
buy,9120.88,0.0015,2018-04-24T04:08:06.482Z
buy,9107.8,0.15137,2018-04-24T04:08:06.896Z
sell,9215.0,5.88868,2018-04-24T04:08:07.032Z
buy,9176.83,0.0,2018-04-24T04:08:07.151Z
buy,9193.46,0.015,2018-04-24T04:08:07.209Z
buy,9193.46,0.025,2018-04-24T04:08:07.248Z
buy,9087.88,0.0,2018-04-24T04:08:07.286Z
sell,9296.05,0.0,2018-04-24T04:08:07.308Z
buy,9186.72,1.4545,2018-04-24T04:08:07.317Z
buy,9193.46,0.01,2018-04-24T04:08:07.320Z
buy,9193.27,0.015,2018-04-24T04:08:07.329Z
buy,9193.27,0.0,2018-04-24T04:08:07.434Z
buy,9193.46,0.025,2018-04-24T04:08:07.444Z
sell,9263.17,0.0015,2018-04-24T04:08:07.481Z
buy,9120.88,0.0,2018-04-24T04:08:07.501Z
buy,9186.72,1.453,2018-04-24T04:08:07.503Z
buy,9087.87,0.0015,2018-04-24T04:08:07.510Z
buy,9214.94,1.19264792,2018-04-24T04:08:07.728Z
sell,9263.17,0.0,2018-04-24T04:08:07.833Z
sell,9215.99,0.00259919,2018-04-24T04:08:07.847Z
buy,9087.87,0.0,2018-04-24T04:08:07.853Z
sell,9263.18,0.0025,2018-04-24T04:08:07.863Z
buy,9120.87,0.0015,2018-04-24T04:08:07.870Z
buy,9186.72,1.4545,2018-04-24T04:08:07.886Z
sell,9263.18,0.001,2018-04-24T04:08:08.021Z
buy,9120.87,0.0,2018-04-24T04:08:08.044Z
buy,9186.72,1.453,2018-04-24T04:08:08.046Z
buy,9174.5,6.4,2018-04-24T04:08:08.133Z
buy,9087.87,0.0015,2018-04-24T04:08:08.134Z
buy,9054.88,0.0,2018-04-24T04:08:08.141Z
buy,9186.72,1.4545,2018-04-24T04:08:08.159Z
sell,9263.17,0.0015,2018-04-24T04:08:08.220Z
buy,9186.72,1.453,2018-04-24T04:08:08.241Z
buy,9087.87,0.0,2018-04-24T04:08:08.246Z
buy,9054.87,0.0015,2018-04-24T04:08:08.250Z
buy,9120.87,0.0015,2018-04-24T04:08:08.254Z
buy,9213.32,0.0,2018-04-24T04:08:08.298Z
buy,9180.4,0.001,2018-04-24T04:08:08.301Z
sell,9263.17,0.0,2018-04-24T04:08:08.303Z
buy,9214.0,0.11147,2018-04-24T04:08:08.327Z
buy,9193.46,0.015,2018-04-24T04:08:08.368Z
buy,9214.98,19.93733764,2018-04-24T04:08:08.399Z
buy,9193.46,0.025,2018-04-24T04:08:08.404Z
buy,9211.0,0.10207000000000001,2018-04-24T04:08:08.418Z
buy,9198.74,0.0,2018-04-24T04:08:08.446Z
buy,9120.87,0.0,2018-04-24T04:08:08.453Z
buy,9193.46,0.01,2018-04-24T04:08:08.471Z
buy,9193.27,0.015,2018-04-24T04:08:08.480Z
buy,9087.85,0.0015,2018-04-24T04:08:08.483Z
buy,9120.85,0.0015,2018-04-24T04:08:08.488Z
sell,9296.05,0.0015,2018-04-24T04:08:08.491Z
buy,9194.08,11.0,2018-04-24T04:08:08.507Z
buy,9205.24,2.516,2018-04-24T04:08:08.512Z
sell,9296.05,0.0,2018-04-24T04:08:08.566Z
buy,9193.27,0.0,2018-04-24T04:08:08.572Z
buy,9193.46,0.025,2018-04-24T04:08:08.583Z
buy,9087.85,0.0,2018-04-24T04:08:08.585Z
buy,9120.85,0.0,2018-04-24T04:08:08.594Z
buy,9054.87,0.0,2018-04-24T04:08:08.597Z
sell,9263.17,0.0015,2018-04-24T04:08:08.599Z
buy,9054.85,0.0015,2018-04-24T04:08:08.600Z
buy,9186.72,1.4545,2018-04-24T04:08:08.615Z
sell,9263.17,0.0,2018-04-24T04:08:08.662Z
buy,9054.85,0.0,2018-04-24T04:08:08.680Z
sell,9215.98,0.00314755,2018-04-24T04:08:08.682Z
sell,9263.18,0.0025,2018-04-24T04:08:08.698Z
buy,9120.85,0.0015,2018-04-24T04:08:08.703Z
buy,9186.72,1.453,2018-04-24T04:08:08.722Z
buy,9087.85,0.0015,2018-04-24T04:08:08.750Z
buy,9120.85,0.0,2018-04-24T04:08:08.769Z
buy,9153.4,0.0015,2018-04-24T04:08:08.777Z
sell,9263.18,0.001,2018-04-24T04:08:08.784Z
buy,9153.4,0.0,2018-04-24T04:08:08.825Z
buy,9087.85,0.0,2018-04-24T04:08:08.826Z
sell,9231.13,0.0,2018-04-24T04:08:08.829Z
sell,9230.13,0.0015,2018-04-24T04:08:08.832Z
buy,9186.72,1.4545,2018-04-24T04:08:08.840Z
buy,9153.35,0.0015,2018-04-24T04:08:08.853Z
sell,9230.13,0.0,2018-04-24T04:08:08.898Z
buy,9107.8,0.11535,2018-04-24T04:08:08.899Z
buy,9186.72,1.453,2018-04-24T04:08:08.919Z
buy,9153.35,0.0,2018-04-24T04:08:08.920Z
buy,8948.37,0.0,2018-04-24T04:08:09.082Z
buy,9107.8,0.14648,2018-04-24T04:08:09.153Z
buy,9120.85,0.0015,2018-04-24T04:08:09.155Z
buy,9120.85,0.0,2018-04-24T04:08:09.214Z
buy,9054.85,0.0015,2018-04-24T04:08:09.298Z
buy,9087.85,0.0015,2018-04-24T04:08:09.344Z
buy,9153.35,0.0015,2018-04-24T04:08:09.348Z
sell,9217.98,0.00200675,2018-04-24T04:08:09.350Z
buy,9186.72,1.4545,2018-04-24T04:08:09.353Z
buy,9193.46,0.015,2018-04-24T04:08:09.404Z
buy,8951.53,0.1,2018-04-24T04:08:09.411Z
buy,9193.46,0.025,2018-04-24T04:08:09.442Z
sell,9329.05,0.0015,2018-04-24T04:08:09.475Z
buy,9054.85,0.0,2018-04-24T04:08:09.483Z
buy,9186.72,1.453,2018-04-24T04:08:09.485Z
buy,9153.35,0.0,2018-04-24T04:08:09.486Z
buy,9087.85,0.0,2018-04-24T04:08:09.491Z
buy,9177.27,0.0,2018-04-24T04:08:09.492Z
buy,9054.84,0.0015,2018-04-24T04:08:09.494Z
buy,9193.46,0.01,2018-04-24T04:08:09.507Z
buy,9120.84,0.0015,2018-04-24T04:08:09.513Z
buy,9193.27,0.015,2018-04-24T04:08:09.516Z
buy,9087.84,0.0015,2018-04-24T04:08:09.521Z
buy,9054.84,0.0,2018-04-24T04:08:09.524Z
sell,9329.05,0.0,2018-04-24T04:08:09.526Z
buy,9193.27,0.0,2018-04-24T04:08:09.602Z
buy,9153.35,0.0015,2018-04-24T04:08:09.615Z
buy,9186.72,1.4545,2018-04-24T04:08:09.616Z
sell,9263.18,0.0025,2018-04-24T04:08:09.618Z
buy,9193.46,0.025,2018-04-24T04:08:09.620Z
buy,9087.84,0.0,2018-04-24T04:08:09.647Z
buy,9120.84,0.0,2018-04-24T04:08:09.648Z
buy,9054.84,0.0015,2018-04-24T04:08:09.654Z
sell,9263.18,0.001,2018-04-24T04:08:09.716Z
buy,9193.46,0.01,2018-04-24T04:08:09.719Z
sell,9329.05,0.0015,2018-04-24T04:08:09.755Z
buy,9193.27,0.015,2018-04-24T04:08:09.757Z
buy,9153.35,0.0,2018-04-24T04:08:09.758Z
buy,9186.72,1.453,2018-04-24T04:08:09.758Z
buy,9087.84,0.0015,2018-04-24T04:08:09.760Z
buy,9120.84,0.0015,2018-04-24T04:08:09.784Z
sell,9329.05,0.0,2018-04-24T04:08:09.808Z
buy,9087.84,0.0,2018-04-24T04:08:09.840Z
buy,9193.27,0.0,2018-04-24T04:08:09.842Z
buy,9186.72,1.4545,2018-04-24T04:08:09.846Z
sell,9214.99,1.66765221,2018-04-24T04:08:09.849Z
buy,9153.35,0.0015,2018-04-24T04:08:09.853Z
buy,9193.46,0.025,2018-04-24T04:08:09.855Z
buy,9120.84,0.0,2018-04-24T04:08:09.906Z
buy,9153.35,0.0,2018-04-24T04:08:09.907Z
buy,9186.72,1.453,2018-04-24T04:08:09.908Z
buy,9087.84,0.0015,2018-04-24T04:08:09.918Z
buy,9107.8,0.14854,2018-04-24T04:08:09.919Z
sell,9214.99,1.66615221,2018-04-24T04:08:09.924Z
sell,9263.17,0.0015,2018-04-24T04:08:09.947Z
buy,9193.46,0.01,2018-04-24T04:08:09.966Z
buy,9193.28,0.015,2018-04-24T04:08:09.975Z
buy,9054.84,0.0,2018-04-24T04:08:09.995Z
buy,9193.46,0.0,2018-04-24T04:08:10.000Z
buy,9186.72,1.4545,2018-04-24T04:08:10.004Z
buy,9153.35,0.0015,2018-04-24T04:08:10.007Z
buy,9193.26,0.0,2018-04-24T04:08:10.008Z
sell,9263.17,0.0,2018-04-24T04:08:10.011Z
buy,9120.84,0.0015,2018-04-24T04:08:10.020Z
buy,9193.26,0.5,2018-04-24T04:08:10.032Z
buy,9193.46,0.01,2018-04-24T04:08:10.034Z
sell,9329.05,0.0015,2018-04-24T04:08:10.036Z
buy,9193.28,0.0,2018-04-24T04:08:10.060Z
buy,9193.46,0.025,2018-04-24T04:08:10.082Z
buy,9193.26,0.0,2018-04-24T04:08:10.092Z
buy,9120.84,0.0,2018-04-24T04:08:10.093Z
buy,9087.84,0.0,2018-04-24T04:08:10.095Z
buy,9153.35,0.0,2018-04-24T04:08:10.096Z
buy,9186.72,1.453,2018-04-24T04:08:10.100Z
buy,9054.84,0.0015,2018-04-24T04:08:10.109Z
buy,9193.26,0.5,2018-04-24T04:08:10.112Z
sell,9329.05,0.0,2018-04-24T04:08:10.113Z
buy,9054.84,0.0,2018-04-24T04:08:10.145Z
buy,9153.35,0.0015,2018-04-24T04:08:10.203Z
buy,9120.84,0.0015,2018-04-24T04:08:10.205Z
buy,9087.84,0.0015,2018-04-24T04:08:10.211Z
buy,9186.72,1.4545,2018-04-24T04:08:10.214Z
sell,9230.13,0.0015,2018-04-24T04:08:10.263Z
sell,9225.44,0.0,2018-04-24T04:08:10.307Z
buy,9193.26,0.0,2018-04-24T04:08:10.308Z
sell,9230.13,0.0,2018-04-24T04:08:10.309Z
buy,9153.35,0.0,2018-04-24T04:08:10.311Z
buy,9186.72,1.453,2018-04-24T04:08:10.312Z
buy,9087.84,0.0,2018-04-24T04:08:10.313Z
buy,9120.84,0.0,2018-04-24T04:08:10.314Z
buy,9054.84,0.0015,2018-04-24T04:08:10.320Z
buy,9193.01,0.5,2018-04-24T04:08:10.336Z
sell,9225.69,0.5,2018-04-24T04:08:10.337Z
sell,9263.17,0.0015,2018-04-24T04:08:10.373Z
buy,9054.83,0.0015,2018-04-24T04:08:10.375Z
sell,9232.54,0.0,2018-04-24T04:08:10.500Z
buy,9193.46,0.015,2018-04-24T04:08:10.540Z
sell,9263.17,0.0,2018-04-24T04:08:10.558Z
buy,9054.83,0.0,2018-04-24T04:08:10.567Z
buy,9193.46,0.025,2018-04-24T04:08:10.571Z
buy,9193.46,0.01,2018-04-24T04:08:10.638Z
buy,9087.83,0.0015,2018-04-24T04:08:10.677Z
buy,9120.83,0.0015,2018-04-24T04:08:10.683Z
buy,9153.35,0.0015,2018-04-24T04:08:10.687Z
sell,9329.05,0.0015,2018-04-24T04:08:10.693Z
buy,9186.72,1.4545,2018-04-24T04:08:10.698Z
buy,9193.02,0.015,2018-04-24T04:08:10.700Z
buy,9193.01,0.0,2018-04-24T04:08:10.718Z
buy,9087.83,0.0,2018-04-24T04:08:10.723Z
buy,9054.84,0.0,2018-04-24T04:08:10.734Z
buy,9193.26,0.5,2018-04-24T04:08:10.738Z
buy,9054.83,0.0015,2018-04-24T04:08:10.742Z
sell,9329.05,0.0,2018-04-24T04:08:10.767Z
buy,9193.02,0.0,2018-04-24T04:08:10.780Z
buy,9120.83,0.0,2018-04-24T04:08:10.784Z
buy,9153.35,0.0,2018-04-24T04:08:10.787Z
buy,9193.46,0.025,2018-04-24T04:08:10.788Z
buy,9186.72,1.453,2018-04-24T04:08:10.789Z
sell,9296.05,0.0015,2018-04-24T04:08:10.793Z
buy,9087.83,0.0015,2018-04-24T04:08:10.796Z
buy,9205.24,0.0,2018-04-24T04:08:10.819Z
sell,9296.05,0.0,2018-04-24T04:08:10.849Z
sell,9216.99,0.00238664,2018-04-24T04:08:10.868Z
buy,9087.83,0.0,2018-04-24T04:08:10.874Z
sell,9329.05,0.0015,2018-04-24T04:08:10.911Z
buy,9193.46,0.01,2018-04-24T04:08:10.912Z
buy,9186.72,1.4545,2018-04-24T04:08:10.914Z
buy,9120.83,0.0015,2018-04-24T04:08:10.923Z
buy,9153.35,0.0015,2018-04-24T04:08:10.927Z
buy,9193.27,0.015,2018-04-24T04:08:10.928Z
buy,9126.01,0.20438,2018-04-24T04:08:10.932Z
buy,9107.8,0.41923,2018-04-24T04:08:10.934Z
buy,9071.47,0.0,2018-04-24T04:08:10.972Z
buy,9199.31,0.0,2018-04-24T04:08:10.975Z
buy,9054.83,0.0,2018-04-24T04:08:10.975Z
sell,9329.05,0.0,2018-04-24T04:08:10.976Z
buy,9087.83,0.0015,2018-04-24T04:08:10.977Z
sell,9230.13,0.0015,2018-04-24T04:08:11.014Z
buy,9193.27,0.0,2018-04-24T04:08:11.017Z
buy,9193.46,0.025,2018-04-24T04:08:11.022Z
sell,9230.13,0.0,2018-04-24T04:08:11.039Z
sell,9329.05,0.0015,2018-04-24T04:08:11.062Z
sell,9329.05,0.0,2018-04-24T04:08:11.117Z
sell,9263.18,0.0025,2018-04-24T04:08:11.183Z
sell,9263.18,0.001,2018-04-24T04:08:11.225Z
sell,9296.05,0.0015,2018-04-24T04:08:11.250Z
buy,9205.24,2.516,2018-04-24T04:08:11.258Z
sell,9296.05,0.0,2018-04-24T04:08:11.306Z
buy,9193.46,0.01,2018-04-24T04:08:11.336Z
buy,9193.27,0.015,2018-04-24T04:08:11.345Z
sell,9263.18,0.0025,2018-04-24T04:08:11.357Z
buy,9120.83,0.0,2018-04-24T04:08:11.384Z
buy,9054.82,0.0015,2018-04-24T04:08:11.393Z
sell,9263.18,0.001,2018-04-24T04:08:11.476Z
buy,9120.82,0.0015,2018-04-24T04:08:11.482Z
sell,9329.05,0.0015,2018-04-24T04:08:11.541Z
buy,9193.46,0.0,2018-04-24T04:08:11.586Z
buy,9193.46,0.01,2018-04-24T04:08:11.623Z
sell,9329.05,0.0,2018-04-24T04:08:11.646Z
sell,9263.18,0.0025,2018-04-24T04:08:11.675Z
buy,9193.27,0.0,2018-04-24T04:08:11.848Z
buy,9193.46,0.025,2018-04-24T04:08:11.859Z
buy,9126.01,0.0,2018-04-24T04:08:11.907Z
buy,9201.65,0.0,2018-04-24T04:08:11.911Z
buy,9126.01,0.15780999999999998,2018-04-24T04:08:11.946Z
sell,9263.18,0.001,2018-04-24T04:08:11.966Z
sell,9231.12,0.0,2018-04-24T04:08:11.987Z
sell,9296.05,0.0015,2018-04-24T04:08:11.993Z
sell,9217.97,0.00146441,2018-04-24T04:08:12.149Z
buy,9214.98,19.89933764,2018-04-24T04:08:12.174Z
sell,9296.05,0.0,2018-04-24T04:08:12.177Z
buy,9214.35,0.038,2018-04-24T04:08:12.184Z
sell,9214.99,1.66765221,2018-04-24T04:08:12.224Z
buy,9181.36,0.001,2018-04-24T04:08:12.423Z
buy,9211.0,0.10099999999999999,2018-04-24T04:08:12.437Z
sell,9214.99,1.66615221,2018-04-24T04:08:12.507Z
buy,9120.82,0.0,2018-04-24T04:08:12.592Z
buy,9120.8,0.0015,2018-04-24T04:08:12.600Z
sell,9214.99,1.69469807,2018-04-24T04:08:12.628Z
sell,9296.05,0.0015,2018-04-24T04:08:12.647Z
buy,9193.46,0.015,2018-04-24T04:08:12.660Z
buy,9120.8,0.0,2018-04-24T04:08:12.686Z
buy,9054.82,0.0,2018-04-24T04:08:12.687Z
buy,9087.8,0.0015,2018-04-24T04:08:12.690Z
sell,9296.05,0.0,2018-04-24T04:08:12.702Z
buy,9126.01,0.0,2018-04-24T04:08:12.708Z
buy,9193.46,0.025,2018-04-24T04:08:12.718Z
buy,9054.8,0.0015,2018-04-24T04:08:12.721Z
sell,9319.74,0.0,2018-04-24T04:08:12.723Z
buy,9126.01,0.13725,2018-04-24T04:08:12.725Z
sell,9275.15,0.12905999999999998,2018-04-24T04:08:12.734Z
sell,9263.18,0.0025,2018-04-24T04:08:12.736Z
buy,9193.46,0.01,2018-04-24T04:08:12.757Z
buy,9193.27,0.015,2018-04-24T04:08:12.767Z
sell,9275.15,0.0,2018-04-24T04:08:12.817Z
sell,9319.74,0.12905999999999998,2018-04-24T04:08:12.828Z
buy,9153.35,0.0,2018-04-24T04:08:12.841Z
buy,9130.97,0.0,2018-04-24T04:08:12.843Z
buy,9193.27,0.0,2018-04-24T04:08:12.861Z
buy,9120.8,0.0015,2018-04-24T04:08:12.871Z
buy,9193.46,0.025,2018-04-24T04:08:12.877Z
buy,9178.04,0.0,2018-04-24T04:08:12.902Z
buy,9186.72,1.453,2018-04-24T04:08:12.927Z
buy,9153.35,0.0015,2018-04-24T04:08:12.955Z
buy,9193.46,0.01,2018-04-24T04:08:12.964Z
buy,9193.27,0.015,2018-04-24T04:08:12.972Z
sell,9263.18,0.001,2018-04-24T04:08:12.975Z
buy,9214.8,0.00128,2018-04-24T04:08:13.018Z
buy,9126.01,0.13946,2018-04-24T04:08:13.020Z
buy,9153.35,0.0,2018-04-24T04:08:13.027Z
buy,9186.72,1.4545,2018-04-24T04:08:13.040Z
buy,9193.27,0.0,2018-04-24T04:08:13.066Z
buy,9193.46,0.025,2018-04-24T04:08:13.075Z
sell,9296.05,0.0015,2018-04-24T04:08:13.090Z
buy,9186.72,1.453,2018-04-24T04:08:13.100Z
buy,9153.35,0.0015,2018-04-24T04:08:13.163Z
sell,9296.05,0.0,2018-04-24T04:08:13.166Z
buy,9087.83,0.0,2018-04-24T04:08:13.171Z
sell,9329.05,0.0015,2018-04-24T04:08:13.174Z
buy,9186.72,1.4545,2018-04-24T04:08:13.177Z
buy,9205.24,0.0,2018-04-24T04:08:13.516Z
sell,9329.05,0.0,2018-04-24T04:08:13.577Z
sell,9296.05,0.0015,2018-04-24T04:08:13.609Z
sell,9319.74,0.0,2018-04-24T04:08:13.619Z
sell,9275.15,0.12905999999999998,2018-04-24T04:08:13.643Z
buy,9193.46,0.015,2018-04-24T04:08:13.688Z
sell,9275.15,0.0,2018-04-24T04:08:13.718Z
buy,9193.46,0.025,2018-04-24T04:08:13.724Z
sell,9319.74,0.12905999999999998,2018-04-24T04:08:13.734Z
sell,9296.05,0.0,2018-04-24T04:08:13.752Z
sell,9214.99,1.69619807,2018-04-24T04:08:13.788Z
buy,9214.98,19.52733764,2018-04-24T04:08:13.813Z
sell,9214.99,4.19619807,2018-04-24T04:08:13.824Z
buy,9193.46,0.01,2018-04-24T04:08:13.849Z
buy,9193.27,0.015,2018-04-24T04:08:13.858Z
buy,9213.92,2.516,2018-04-24T04:08:13.859Z
sell,9214.99,6.69619807,2018-04-24T04:08:13.871Z
sell,9236.2,0.0,2018-04-24T04:08:13.879Z
sell,9236.19,0.9,2018-04-24T04:08:13.890Z
sell,9214.99,4.19619807,2018-04-24T04:08:13.894Z
sell,9236.19,0.0,2018-04-24T04:08:13.899Z
buy,9214.8,0.0,2018-04-24T04:08:13.901Z
buy,9183.43,0.0,2018-04-24T04:08:13.902Z
sell,9214.99,6.69619807,2018-04-24T04:08:13.906Z
sell,9236.2,0.9,2018-04-24T04:08:13.908Z
sell,9214.99,4.19619807,2018-04-24T04:08:13.910Z
buy,9126.01,0.13725,2018-04-24T04:08:13.911Z
buy,9107.8,0.3881,2018-04-24T04:08:13.916Z
buy,9107.8,0.38604,2018-04-24T04:08:13.923Z
buy,9107.8,0.11535,2018-04-24T04:08:13.924Z
buy,9126.01,0.0,2018-04-24T04:08:13.925Z
buy,9071.47,0.42091000000000006,2018-04-24T04:08:13.932Z
buy,9107.8,0.14268,2018-04-24T04:08:13.953Z
sell,9236.2,0.0,2018-04-24T04:08:13.954Z
buy,9193.27,0.0,2018-04-24T04:08:13.955Z
sell,9214.99,4.19469807,2018-04-24T04:08:13.957Z
sell,9236.19,0.9,2018-04-24T04:08:13.959Z
buy,9193.46,0.025,2018-04-24T04:08:13.960Z
sell,9236.19,0.0,2018-04-24T04:08:13.961Z
sell,9214.99,6.69469807,2018-04-24T04:08:13.963Z
sell,9236.2,0.9,2018-04-24T04:08:13.967Z
sell,9214.99,4.19469807,2018-04-24T04:08:13.971Z
sell,9329.05,0.0015,2018-04-24T04:08:13.980Z
buy,9214.98,19.72733764,2018-04-24T04:08:13.982Z
sell,9214.99,6.69469807,2018-04-24T04:08:14.020Z
sell,9214.99,4.19469807,2018-04-24T04:08:14.040Z
buy,9193.46,0.01,2018-04-24T04:08:14.052Z
sell,9329.05,0.0,2018-04-24T04:08:14.056Z
buy,9193.28,0.015,2018-04-24T04:08:14.065Z
sell,9296.05,0.0015,2018-04-24T04:08:14.095Z
sell,9214.99,4.99269807,2018-04-24T04:08:14.115Z
sell,9236.2,0.0,2018-04-24T04:08:14.122Z
sell,9214.99,2.49269807,2018-04-24T04:08:14.125Z
sell,9236.19,0.9,2018-04-24T04:08:14.132Z
sell,9214.99,2.49088807,2018-04-24T04:08:14.133Z
sell,9236.19,0.0,2018-04-24T04:08:14.135Z
buy,9214.98,20.09933764,2018-04-24T04:08:14.136Z
sell,9214.99,2.49199807,2018-04-24T04:08:14.138Z
sell,9236.2,0.9,2018-04-24T04:08:14.170Z
buy,8949.35,0.0,2018-04-24T04:08:14.171Z
buy,8952.12,0.1,2018-04-24T04:08:14.172Z
buy,9193.28,0.0,2018-04-24T04:08:14.177Z
buy,9193.46,0.025,2018-04-24T04:08:14.179Z
sell,9296.05,0.0,2018-04-24T04:08:14.203Z
buy,9193.46,0.01,2018-04-24T04:08:14.266Z
buy,9193.27,0.015,2018-04-24T04:08:14.273Z
sell,9214.99,1.69399807,2018-04-24T04:08:14.281Z
sell,9214.99,1.69549807,2018-04-24T04:08:14.316Z
buy,9193.27,0.0,2018-04-24T04:08:14.356Z
buy,9193.46,0.025,2018-04-24T04:08:14.363Z
sell,9214.99,1.69399807,2018-04-24T04:08:14.393Z
sell,9296.05,0.0015,2018-04-24T04:08:14.422Z
buy,9120.8,0.0,2018-04-24T04:08:14.526Z
buy,9087.8,0.0,2018-04-24T04:08:14.549Z
buy,9186.72,1.453,2018-04-24T04:08:14.550Z
buy,9153.35,0.0,2018-04-24T04:08:14.552Z
buy,9120.78,0.0015,2018-04-24T04:08:14.557Z
buy,9087.78,0.0015,2018-04-24T04:08:14.560Z
buy,9193.26,0.0,2018-04-24T04:08:14.635Z
buy,9193.01,0.5,2018-04-24T04:08:14.654Z
buy,9193.01,0.0,2018-04-24T04:08:14.665Z
sell,9296.05,0.0,2018-04-24T04:08:14.667Z
sell,9225.69,0.0,2018-04-24T04:08:14.668Z
sell,9214.99,2.49199807,2018-04-24T04:08:14.681Z
buy,9193.26,0.5,2018-04-24T04:08:14.684Z
buy,9054.8,0.0,2018-04-24T04:08:14.687Z
sell,9225.69,0.5,2018-04-24T04:08:14.692Z
sell,9214.99,2.49349807,2018-04-24T04:08:14.694Z
buy,9186.72,1.4545,2018-04-24T04:08:14.708Z
buy,9193.26,0.0,2018-04-24T04:08:14.709Z
buy,9153.35,0.0015,2018-04-24T04:08:14.713Z
buy,9193.46,0.015,2018-04-24T04:08:14.714Z
sell,9225.69,0.0,2018-04-24T04:08:14.717Z
sell,9214.99,1.69549807,2018-04-24T04:08:14.732Z
buy,9193.01,0.5,2018-04-24T04:08:14.736Z
sell,9225.44,0.5,2018-04-24T04:08:14.742Z
buy,9193.46,0.025,2018-04-24T04:08:14.753Z
sell,9214.99,1.69399807,2018-04-24T04:08:14.785Z
buy,9120.78,0.0,2018-04-24T04:08:14.796Z
sell,9214.99,2.49199807,2018-04-24T04:08:14.799Z
buy,9087.78,0.0,2018-04-24T04:08:14.800Z
buy,9186.72,1.453,2018-04-24T04:08:14.802Z
sell,9329.05,0.0015,2018-04-24T04:08:14.855Z
buy,9054.78,0.0015,2018-04-24T04:08:14.857Z
buy,9193.46,0.01,2018-04-24T04:08:14.861Z
buy,9107.8,0.16144,2018-04-24T04:08:14.863Z
buy,9193.01,0.515,2018-04-24T04:08:14.865Z
buy,9193.01,0.015,2018-04-24T04:08:14.885Z
buy,9153.35,0.0,2018-04-24T04:08:14.887Z
buy,9193.26,0.5,2018-04-24T04:08:14.889Z
buy,9120.78,0.0015,2018-04-24T04:08:14.891Z
buy,9087.78,0.0015,2018-04-24T04:08:14.895Z
buy,9188.82,0.0,2018-04-24T04:08:14.898Z
sell,9329.05,0.0,2018-04-24T04:08:14.902Z
buy,9107.8,0.14268,2018-04-24T04:08:14.911Z
buy,9193.01,0.0,2018-04-24T04:08:14.914Z
buy,9193.46,0.025,2018-04-24T04:08:14.932Z
buy,9107.8,0.15732000000000002,2018-04-24T04:08:14.934Z
sell,9214.99,2.49349807,2018-04-24T04:08:14.936Z
buy,9214.8,0.00217,2018-04-24T04:08:14.961Z
sell,9223.31,0.0,2018-04-24T04:08:15.042Z
buy,9120.78,0.0,2018-04-24T04:08:15.043Z
sell,9214.99,2.49199807,2018-04-24T04:08:15.044Z
buy,9186.72,1.4545,2018-04-24T04:08:15.046Z
buy,9193.46,0.01,2018-04-24T04:08:15.049Z
buy,9193.27,0.015,2018-04-24T04:08:15.050Z
buy,9153.35,0.0015,2018-04-24T04:08:15.051Z
buy,9193.46,0.0,2018-04-24T04:08:15.061Z
buy,9193.46,0.01,2018-04-24T04:08:15.071Z
sell,9296.05,0.0015,2018-04-24T04:08:15.087Z
buy,9153.35,0.0,2018-04-24T04:08:15.090Z
buy,9186.72,1.453,2018-04-24T04:08:15.104Z
buy,9120.78,0.0015,2018-04-24T04:08:15.114Z
buy,9193.27,0.0,2018-04-24T04:08:15.119Z
sell,9296.05,0.0,2018-04-24T04:08:15.122Z
buy,9193.46,0.025,2018-04-24T04:08:15.154Z
buy,9120.78,0.0,2018-04-24T04:08:15.172Z
buy,9212.0,0.001,2018-04-24T04:08:15.177Z
buy,9186.72,1.4545,2018-04-24T04:08:15.187Z
buy,9153.35,0.0015,2018-04-24T04:08:15.199Z
sell,9296.05,0.0015,2018-04-24T04:08:15.227Z
buy,9213.92,0.0,2018-04-24T04:08:15.238Z
buy,9178.36,0.0054,2018-04-24T04:08:15.252Z
buy,9186.72,1.453,2018-04-24T04:08:15.252Z
buy,9120.78,0.0015,2018-04-24T04:08:15.258Z
sell,9296.05,0.0,2018-04-24T04:08:15.297Z
buy,9205.24,2.516,2018-04-24T04:08:15.315Z
sell,9329.05,0.0015,2018-04-24T04:08:15.330Z
buy,9174.5,0.0,2018-04-24T04:08:15.331Z
sell,9214.99,1.69399807,2018-04-24T04:08:15.338Z
buy,9120.78,0.0,2018-04-24T04:08:15.348Z
buy,9186.72,1.4545,2018-04-24T04:08:15.356Z
sell,9329.05,0.0,2018-04-24T04:08:15.404Z
sell,9263.18,0.0025,2018-04-24T04:08:15.435Z
buy,9214.98,18.73653764,2018-04-24T04:08:15.449Z
buy,9212.0,0.00257,2018-04-24T04:08:15.453Z
buy,9186.72,1.453,2018-04-24T04:08:15.461Z
buy,9087.78,0.0,2018-04-24T04:08:15.480Z
buy,9153.35,0.0,2018-04-24T04:08:15.482Z
buy,9120.77,0.0015,2018-04-24T04:08:15.488Z
buy,9087.77,0.0015,2018-04-24T04:08:15.491Z
buy,9214.98,19.21436347,2018-04-24T04:08:15.535Z
buy,9214.98,19.21536347,2018-04-24T04:08:15.634Z
buy,9107.8,0.14268,2018-04-24T04:08:15.915Z
buy,9107.8,0.14149,2018-04-24T04:08:15.919Z
buy,9193.26,0.0,2018-04-24T04:08:15.920Z
buy,9107.8,0.13111,2018-04-24T04:08:15.927Z
buy,9107.8,0.12889,2018-04-24T04:08:15.929Z
buy,9107.8,0.10156,2018-04-24T04:08:15.931Z
buy,9194.21,0.0,2018-04-24T04:08:15.932Z
buy,9193.01,0.5,2018-04-24T04:08:15.941Z
sell,9263.18,0.001,2018-04-24T04:08:15.968Z
buy,9193.46,0.015,2018-04-24T04:08:15.982Z
buy,9087.77,0.0,2018-04-24T04:08:15.984Z
sell,9214.99,1.69549807,2018-04-24T04:08:15.994Z
buy,9186.72,1.4545,2018-04-24T04:08:15.997Z
buy,9193.46,0.025,2018-04-24T04:08:16.017Z
buy,9153.35,0.0015,2018-04-24T04:08:16.022Z
buy,9186.72,1.453,2018-04-24T04:08:16.060Z
sell,9214.99,1.69399807,2018-04-24T04:08:16.083Z
buy,9193.46,0.01,2018-04-24T04:08:16.086Z
buy,9120.77,0.0,2018-04-24T04:08:16.087Z
buy,9087.77,0.0015,2018-04-24T04:08:16.121Z
buy,9193.02,0.015,2018-04-24T04:08:16.123Z
buy,9054.78,0.0,2018-04-24T04:08:16.139Z
buy,9153.35,0.0,2018-04-24T04:08:16.140Z
sell,9296.05,0.0015,2018-04-24T04:08:16.147Z
buy,9054.77,0.0015,2018-04-24T04:08:16.150Z
buy,9193.02,0.0,2018-04-24T04:08:16.180Z
buy,9193.46,0.025,2018-04-24T04:08:16.189Z
buy,9087.77,0.0,2018-04-24T04:08:16.195Z
buy,9186.72,1.4545,2018-04-24T04:08:16.219Z
buy,9120.77,0.0015,2018-04-24T04:08:16.222Z
sell,9296.05,0.0,2018-04-24T04:08:16.246Z
sell,9214.99,1.69549807,2018-04-24T04:08:16.269Z
buy,9186.72,1.453,2018-04-24T04:08:16.325Z
buy,9153.35,0.0015,2018-04-24T04:08:16.345Z
buy,9120.77,0.0,2018-04-24T04:08:16.354Z
sell,9214.99,1.69399807,2018-04-24T04:08:16.356Z
buy,9087.77,0.0015,2018-04-24T04:08:16.363Z
sell,9329.05,0.0015,2018-04-24T04:08:16.421Z
buy,9186.72,1.4545,2018-04-24T04:08:16.471Z
sell,9329.05,0.0,2018-04-24T04:08:16.479Z
buy,9153.35,0.0,2018-04-24T04:08:16.498Z
sell,9214.99,1.69549807,2018-04-24T04:08:16.506Z
buy,9120.76,0.0015,2018-04-24T04:08:16.508Z
sell,9214.99,1.69399807,2018-04-24T04:08:16.615Z
buy,9087.77,0.0,2018-04-24T04:08:16.637Z
buy,9054.77,0.0,2018-04-24T04:08:16.638Z
buy,9120.76,0.0,2018-04-24T04:08:16.640Z
buy,9186.72,1.453,2018-04-24T04:08:16.641Z
buy,9087.76,0.0015,2018-04-24T04:08:16.644Z
sell,9329.05,0.0015,2018-04-24T04:08:16.648Z
buy,9054.76,0.0015,2018-04-24T04:08:16.650Z
buy,9214.98,18.84336347,2018-04-24T04:08:16.680Z
sell,9214.99,4.19399807,2018-04-24T04:08:16.709Z
sell,9236.2,0.0,2018-04-24T04:08:16.710Z
sell,9236.19,0.9,2018-04-24T04:08:16.712Z
sell,9329.05,0.0,2018-04-24T04:08:16.720Z
sell,9296.05,0.0015,2018-04-24T04:08:16.773Z
buy,9054.76,0.0,2018-04-24T04:08:16.775Z
buy,9178.84,6.4,2018-04-24T04:08:16.777Z
buy,9186.72,1.4545,2018-04-24T04:08:16.778Z
buy,9153.35,0.0015,2018-04-24T04:08:16.786Z
sell,9296.05,0.0,2018-04-24T04:08:16.797Z
sell,9263.18,0.0025,2018-04-24T04:08:16.822Z
buy,9186.72,1.453,2018-04-24T04:08:16.875Z
buy,9087.76,0.0,2018-04-24T04:08:16.898Z
buy,9153.35,0.0,2018-04-24T04:08:16.901Z
sell,9263.18,0.001,2018-04-24T04:08:16.903Z
buy,9198.43,0.0,2018-04-24T04:08:16.907Z
buy,9120.76,0.0015,2018-04-24T04:08:16.909Z
buy,9054.76,0.0015,2018-04-24T04:08:16.912Z
buy,9107.8,0.19012,2018-04-24T04:08:16.936Z
sell,9329.05,0.0015,2018-04-24T04:08:16.987Z
buy,9120.76,0.0,2018-04-24T04:08:16.988Z
buy,9186.72,1.4545,2018-04-24T04:08:16.991Z
buy,9193.46,0.015,2018-04-24T04:08:17.029Z
sell,9329.05,0.0,2018-04-24T04:08:17.029Z
buy,9087.76,0.0015,2018-04-24T04:08:17.031Z
buy,9186.72,1.453,2018-04-24T04:08:17.041Z
buy,9193.46,0.025,2018-04-24T04:08:17.051Z
sell,9214.99,1.69399807,2018-04-24T04:08:17.066Z
buy,9214.98,19.21536347,2018-04-24T04:08:17.074Z
sell,9236.19,0.0,2018-04-24T04:08:17.079Z
sell,9236.2,0.9,2018-04-24T04:08:17.090Z
buy,9120.76,0.0015,2018-04-24T04:08:17.112Z
buy,9193.46,0.01,2018-04-24T04:08:17.113Z
sell,9214.99,1.69549807,2018-04-24T04:08:17.116Z
buy,9153.35,0.0015,2018-04-24T04:08:17.118Z
buy,9193.02,0.015,2018-04-24T04:08:17.123Z
sell,9214.99,1.69399807,2018-04-24T04:08:17.201Z
sell,9349.15,0.01,2018-04-24T04:08:17.208Z
buy,9193.02,0.0,2018-04-24T04:08:17.209Z
buy,9193.46,0.025,2018-04-24T04:08:17.215Z
buy,9120.76,0.0,2018-04-24T04:08:17.225Z
buy,9186.72,1.4545,2018-04-24T04:08:17.234Z
buy,9153.35,0.0,2018-04-24T04:08:17.278Z
buy,9181.52,0.001,2018-04-24T04:08:17.280Z
buy,9186.72,1.453,2018-04-24T04:08:17.298Z
buy,9120.76,0.0015,2018-04-24T04:08:17.310Z
buy,9205.24,0.0,2018-04-24T04:08:17.312Z
buy,9193.46,0.01,2018-04-24T04:08:17.313Z
buy,9193.02,0.015,2018-04-24T04:08:17.322Z
buy,9054.76,0.0,2018-04-24T04:08:17.380Z
buy,9153.35,0.0015,2018-04-24T04:08:17.406Z
buy,9193.02,0.0,2018-04-24T04:08:17.407Z
buy,9193.46,0.025,2018-04-24T04:08:17.419Z
buy,9186.72,1.4545,2018-04-24T04:08:17.442Z
sell,9296.05,0.0015,2018-04-24T04:08:17.515Z
buy,9153.35,0.0,2018-04-24T04:08:17.517Z
buy,9087.76,0.0,2018-04-24T04:08:17.518Z
buy,9120.76,0.0,2018-04-24T04:08:17.519Z
buy,9054.76,0.0015,2018-04-24T04:08:17.522Z
buy,9186.72,1.453,2018-04-24T04:08:17.569Z
buy,9193.46,0.01,2018-04-24T04:08:17.570Z
buy,9193.02,0.015,2018-04-24T04:08:17.576Z
buy,9120.75,0.0015,2018-04-24T04:08:17.578Z
buy,9193.02,0.0,2018-04-24T04:08:17.624Z
buy,9120.75,0.0,2018-04-24T04:08:17.629Z
buy,9193.46,0.025,2018-04-24T04:08:17.632Z
buy,9054.76,0.0,2018-04-24T04:08:17.648Z
sell,9296.05,0.0,2018-04-24T04:08:17.650Z
buy,9087.75,0.0015,2018-04-24T04:08:17.655Z
buy,9054.75,0.0015,2018-04-24T04:08:17.660Z
buy,9213.92,2.516,2018-04-24T04:08:17.683Z
sell,9296.05,0.0015,2018-04-24T04:08:17.707Z
buy,9193.46,0.01,2018-04-24T04:08:17.724Z
buy,9212.0,0.001,2018-04-24T04:08:17.733Z
buy,9193.02,0.015,2018-04-24T04:08:17.739Z
sell,9296.05,0.0,2018-04-24T04:08:17.761Z
buy,9087.75,0.0,2018-04-24T04:08:17.785Z
sell,9214.99,1.69549807,2018-04-24T04:08:17.792Z
buy,9186.72,1.4545,2018-04-24T04:08:17.799Z
buy,9153.35,0.0015,2018-04-24T04:08:17.805Z
buy,9193.02,0.0,2018-04-24T04:08:17.826Z
buy,9193.46,0.025,2018-04-24T04:08:17.845Z
buy,9153.35,0.0,2018-04-24T04:08:17.891Z
buy,9186.72,1.453,2018-04-24T04:08:17.920Z
buy,9193.46,0.01,2018-04-24T04:08:17.927Z
buy,9120.75,0.0015,2018-04-24T04:08:17.931Z
sell,9214.99,1.69399807,2018-04-24T04:08:17.933Z
buy,9087.75,0.0015,2018-04-24T04:08:17.935Z
buy,9193.02,0.015,2018-04-24T04:08:17.937Z
buy,9178.84,0.0,2018-04-24T04:08:17.962Z
sell,9296.05,0.0015,2018-04-24T04:08:17.991Z
buy,9193.02,0.0,2018-04-24T04:08:18.045Z
buy,9193.46,0.025,2018-04-24T04:08:18.056Z
sell,9296.05,0.0,2018-04-24T04:08:18.073Z
buy,9087.75,0.0,2018-04-24T04:08:18.079Z
buy,9186.72,1.4545,2018-04-24T04:08:18.090Z
buy,9193.46,0.015,2018-04-24T04:08:18.091Z
buy,9153.35,0.0015,2018-04-24T04:08:18.133Z
sell,9263.18,0.0025,2018-04-24T04:08:18.139Z
buy,9193.46,0.025,2018-04-24T04:08:18.141Z
sell,9263.18,0.001,2018-04-24T04:08:18.169Z
buy,8801.43,0.0,2018-04-24T04:08:18.174Z
buy,9153.35,0.0,2018-04-24T04:08:18.214Z
buy,9186.72,1.453,2018-04-24T04:08:18.215Z
buy,9120.75,0.0,2018-04-24T04:08:18.216Z
sell,9296.05,0.0015,2018-04-24T04:08:18.218Z
buy,9087.75,0.0015,2018-04-24T04:08:18.220Z
buy,9214.35,0.0,2018-04-24T04:08:18.222Z
buy,9214.98,19.25336347,2018-04-24T04:08:18.225Z
buy,9193.46,0.01,2018-04-24T04:08:18.252Z
buy,9054.75,0.0,2018-04-24T04:08:18.253Z
buy,9193.02,0.015,2018-04-24T04:08:18.255Z
buy,9153.35,0.0015,2018-04-24T04:08:18.256Z
sell,9296.05,0.0,2018-04-24T04:08:18.261Z
buy,9120.75,0.0015,2018-04-24T04:08:18.268Z
buy,9193.02,0.0,2018-04-24T04:08:18.328Z
buy,9153.35,0.0,2018-04-24T04:08:18.358Z
buy,9087.75,0.0,2018-04-24T04:08:18.359Z
buy,9193.46,0.025,2018-04-24T04:08:18.361Z
buy,9054.75,0.0015,2018-04-24T04:08:18.362Z
sell,9329.05,0.0015,2018-04-24T04:08:18.368Z
buy,9120.75,0.0,2018-04-24T04:08:18.380Z
buy,9186.72,1.4545,2018-04-24T04:08:18.449Z
buy,9214.98,19.21536347,2018-04-24T04:08:18.451Z
sell,9329.05,0.0,2018-04-24T04:08:18.452Z
buy,9193.46,0.01,2018-04-24T04:08:18.453Z
buy,9193.02,0.015,2018-04-24T04:08:18.490Z
sell,9214.99,1.69549807,2018-04-24T04:08:18.492Z
buy,9186.72,1.453,2018-04-24T04:08:18.496Z
buy,9120.75,0.0015,2018-04-24T04:08:18.502Z
buy,9153.35,0.0015,2018-04-24T04:08:18.505Z
buy,9193.02,0.0,2018-04-24T04:08:18.536Z
buy,9193.46,0.025,2018-04-24T04:08:18.557Z
buy,9212.0,0.0023899999999999998,2018-04-24T04:08:18.561Z
buy,9213.92,0.0,2018-04-24T04:08:18.566Z
buy,9174.63,6.4,2018-04-24T04:08:18.607Z
sell,9214.99,1.69399807,2018-04-24T04:08:18.674Z
buy,9054.75,0.0,2018-04-24T04:08:18.693Z
buy,9153.35,0.0,2018-04-24T04:08:18.695Z
buy,9120.75,0.0,2018-04-24T04:08:18.696Z
buy,9186.72,1.4545,2018-04-24T04:08:18.702Z
buy,9054.73,0.0015,2018-04-24T04:08:18.707Z
sell,9329.05,0.0015,2018-04-24T04:08:18.710Z
buy,9214.29,0.039,2018-04-24T04:08:18.720Z
buy,9214.98,18.84336347,2018-04-24T04:08:18.744Z
sell,9214.99,4.19399807,2018-04-24T04:08:18.746Z
sell,9214.99,1.69399807,2018-04-24T04:08:18.750Z
buy,9214.98,17.84336347,2018-04-24T04:08:18.752Z
buy,9214.29,0.0,2018-04-24T04:08:18.753Z
buy,9214.98,18.21536347,2018-04-24T04:08:18.757Z
buy,9214.98,19.21536347,2018-04-24T04:08:18.775Z
buy,9186.72,1.453,2018-04-24T04:08:18.796Z
sell,9329.05,0.0,2018-04-24T04:08:18.820Z
buy,9153.35,0.0015,2018-04-24T04:08:18.834Z
buy,9211.0,0.10217999999999999,2018-04-24T04:08:18.836Z
buy,9205.24,2.516,2018-04-24T04:08:18.837Z
buy,9120.73,0.0015,2018-04-24T04:08:18.839Z
sell,9296.05,0.0015,2018-04-24T04:08:18.842Z
buy,8951.53,0.0,2018-04-24T04:08:18.851Z
buy,8952.12,0.0,2018-04-24T04:08:18.851Z
buy,8950.63,0.1,2018-04-24T04:08:18.864Z
buy,9054.73,0.0,2018-04-24T04:08:18.911Z
buy,9071.47,0.0,2018-04-24T04:08:18.918Z
buy,9186.72,1.4545,2018-04-24T04:08:18.920Z
buy,9120.73,0.0,2018-04-24T04:08:18.939Z
buy,9126.01,0.18120999999999998,2018-04-24T04:08:18.959Z
buy,9107.8,0.41923,2018-04-24T04:08:18.961Z
sell,9296.05,0.0,2018-04-24T04:08:18.962Z
buy,9153.35,0.0,2018-04-24T04:08:18.963Z
buy,9087.73,0.0015,2018-04-24T04:08:18.969Z
buy,9186.72,1.453,2018-04-24T04:08:19.037Z
buy,9120.73,0.0015,2018-04-24T04:08:19.047Z
sell,9329.05,0.0015,2018-04-24T04:08:19.054Z
buy,9087.73,0.0,2018-04-24T04:08:19.063Z
buy,9054.73,0.0015,2018-04-24T04:08:19.067Z
buy,8949.01,0.1,2018-04-24T04:08:19.072Z
buy,9120.73,0.0,2018-04-24T04:08:19.113Z
buy,9186.72,1.4545,2018-04-24T04:08:19.124Z
buy,9193.46,0.015,2018-04-24T04:08:19.125Z
sell,9329.05,0.0,2018-04-24T04:08:19.128Z
buy,9193.46,0.025,2018-04-24T04:08:19.169Z
buy,9186.72,1.453,2018-04-24T04:08:19.228Z
buy,9153.35,0.0015,2018-04-24T04:08:19.245Z
sell,9214.99,1.69549807,2018-04-24T04:08:19.247Z
buy,9120.73,0.0015,2018-04-24T04:08:19.250Z
buy,9214.98,20.21536347,2018-04-24T04:08:19.279Z
sell,9214.99,1.69399807,2018-04-24T04:08:19.282Z
buy,9153.35,0.0,2018-04-24T04:08:19.304Z
sell,9296.05,0.0015,2018-04-24T04:08:19.312Z
buy,9087.73,0.0015,2018-04-24T04:08:19.314Z
buy,9214.98,20.21412347,2018-04-24T04:08:19.319Z
buy,9174.63,0.0,2018-04-24T04:08:19.320Z
buy,9214.98,20.21580347,2018-04-24T04:08:19.355Z
buy,9054.73,0.0,2018-04-24T04:08:19.356Z
buy,9186.72,1.4545,2018-04-24T04:08:19.359Z
buy,8950.63,0.0,2018-04-24T04:08:19.363Z
buy,9193.46,0.01,2018-04-24T04:08:19.383Z
buy,9193.02,0.015,2018-04-24T04:08:19.388Z
sell,9296.05,0.0,2018-04-24T04:08:19.410Z
buy,9186.72,1.453,2018-04-24T04:08:19.438Z
sell,9214.99,1.69549807,2018-04-24T04:08:19.441Z
buy,9153.35,0.0015,2018-04-24T04:08:19.467Z
buy,9193.02,0.0,2018-04-24T04:08:19.485Z
buy,9193.46,0.025,2018-04-24T04:08:19.492Z
buy,9120.73,0.0,2018-04-24T04:08:19.494Z
buy,9087.73,0.0,2018-04-24T04:08:19.496Z
buy,9054.73,0.0015,2018-04-24T04:08:19.502Z
sell,9214.99,1.69399807,2018-04-24T04:08:19.522Z
buy,9153.35,0.0,2018-04-24T04:08:19.545Z
sell,9296.05,0.0015,2018-04-24T04:08:19.553Z
buy,9087.72,0.0015,2018-04-24T04:08:19.556Z
buy,9087.72,0.0,2018-04-24T04:08:19.663Z
sell,9296.05,0.0,2018-04-24T04:08:19.665Z
buy,9186.72,1.4545,2018-04-24T04:08:19.673Z
buy,9153.35,0.0015,2018-04-24T04:08:19.698Z
sell,9263.18,0.0025,2018-04-24T04:08:19.736Z
buy,9186.72,1.453,2018-04-24T04:08:19.742Z
buy,9120.72,0.0015,2018-04-24T04:08:19.751Z
buy,9153.35,0.0,2018-04-24T04:08:19.788Z
buy,9087.72,0.0015,2018-04-24T04:08:19.819Z
buy,9120.72,0.0,2018-04-24T04:08:19.831Z
buy,9054.73,0.0,2018-04-24T04:08:19.836Z
sell,9263.18,0.001,2018-04-24T04:08:19.838Z
buy,9054.72,0.0015,2018-04-24T04:08:19.841Z
sell,9214.99,1.69549807,2018-04-24T04:08:19.863Z
buy,9087.72,0.0,2018-04-24T04:08:19.869Z
buy,9153.35,0.0015,2018-04-24T04:08:19.877Z
buy,9177.22,6.4,2018-04-24T04:08:19.904Z
sell,9214.99,1.56049807,2018-04-24T04:08:19.917Z
buy,9126.01,0.0,2018-04-24T04:08:19.919Z
buy,9153.35,0.0,2018-04-24T04:08:19.926Z
buy,9126.01,0.17393,2018-04-24T04:08:19.948Z
buy,9087.72,0.0015,2018-04-24T04:08:19.960Z
sell,9214.99,1.55899807,2018-04-24T04:08:19.964Z
buy,9054.72,0.0,2018-04-24T04:08:19.986Z
buy,9120.72,0.0015,2018-04-24T04:08:20.010Z
sell,9225.44,0.0,2018-04-24T04:08:20.265Z
buy,9193.01,0.0,2018-04-24T04:08:20.267Z
sell,9228.19,0.50211281,2018-04-24T04:08:20.286Z
buy,9195.76,0.5,2018-04-24T04:08:20.290Z
buy,9193.46,0.015,2018-04-24T04:08:20.296Z
buy,9193.46,0.025,2018-04-24T04:08:20.331Z
buy,9087.72,0.0,2018-04-24T04:08:20.349Z
buy,9120.72,0.0,2018-04-24T04:08:20.375Z
buy,9054.72,0.0015,2018-04-24T04:08:20.384Z
buy,9193.46,0.01,2018-04-24T04:08:20.391Z
buy,9193.01,0.015,2018-04-24T04:08:20.400Z
buy,9193.01,0.0,2018-04-24T04:08:20.491Z
buy,9193.46,0.025,2018-04-24T04:08:20.501Z
buy,9054.72,0.0,2018-04-24T04:08:20.526Z
buy,9087.72,0.0015,2018-04-24T04:08:20.556Z
buy,9177.22,0.0,2018-04-24T04:08:20.641Z
buy,9087.72,0.0,2018-04-24T04:08:20.697Z
buy,9120.71,0.0015,2018-04-24T04:08:20.705Z
buy,9205.24,0.0,2018-04-24T04:08:20.740Z
buy,9120.71,0.0,2018-04-24T04:08:20.784Z
sell,9228.19,0.00211281,2018-04-24T04:08:20.841Z
buy,9153.35,0.0015,2018-04-24T04:08:20.876Z
sell,9227.94,0.5,2018-04-24T04:08:20.879Z
buy,9153.35,0.0,2018-04-24T04:08:20.904Z
buy,9054.71,0.0015,2018-04-24T04:08:20.922Z
buy,9126.01,0.0,2018-04-24T04:08:20.924Z
buy,9126.01,0.16825,2018-04-24T04:08:20.944Z
buy,9054.71,0.0,2018-04-24T04:08:20.946Z
buy,9120.71,0.0015,2018-04-24T04:08:20.978Z
sell,9227.94,0.0,2018-04-24T04:08:21.101Z
sell,9228.19,0.50211281,2018-04-24T04:08:21.118Z
buy,9214.98,20.91580347,2018-04-24T04:08:21.131Z
buy,9120.71,0.0,2018-04-24T04:08:21.160Z
buy,9087.71,0.0015,2018-04-24T04:08:21.189Z
buy,9054.71,0.0015,2018-04-24T04:08:21.208Z
sell,9214.99,1.56049807,2018-04-24T04:08:21.218Z
buy,9173.93,6.4,2018-04-24T04:08:21.225Z
buy,9191.89,0.0,2018-04-24T04:08:21.298Z
buy,9214.97,0.1,2018-04-24T04:08:21.354Z
buy,9211.0,0.10099999999999999,2018-04-24T04:08:21.358Z
sell,9214.99,1.55899807,2018-04-24T04:08:21.379Z
buy,9194.38,1.49830539,2018-04-24T04:08:21.403Z
buy,9054.71,0.0,2018-04-24T04:08:21.406Z
buy,9153.35,0.0015,2018-04-24T04:08:21.423Z
buy,9193.46,0.015,2018-04-24T04:08:21.424Z
sell,9219.94,0.7548,2018-04-24T04:08:21.429Z
sell,9230.13,0.0015,2018-04-24T04:08:21.444Z
buy,9120.71,0.0015,2018-04-24T04:08:21.446Z
buy,9214.27,0.039,2018-04-24T04:08:21.450Z
buy,9193.46,0.025,2018-04-24T04:08:21.457Z
buy,9214.98,20.54380347,2018-04-24T04:08:21.458Z
sell,9214.99,4.05899807,2018-04-24T04:08:21.464Z
sell,9214.99,1.55899807,2018-04-24T04:08:21.486Z
buy,9214.27,0.0,2018-04-24T04:08:21.488Z
buy,9214.98,20.91580347,2018-04-24T04:08:21.490Z
buy,9153.35,0.0,2018-04-24T04:08:21.496Z
buy,9087.71,0.0,2018-04-24T04:08:21.502Z
buy,9120.71,0.0,2018-04-24T04:08:21.503Z
buy,9213.92,2.516,2018-04-24T04:08:21.505Z
sell,9230.13,0.0,2018-04-24T04:08:21.506Z
buy,9054.71,0.0015,2018-04-24T04:08:21.509Z
buy,9193.46,0.01,2018-04-24T04:08:21.523Z
sell,9263.17,0.0015,2018-04-24T04:08:21.528Z
buy,9214.98,20.54380347,2018-04-24T04:08:21.529Z
buy,9193.01,0.015,2018-04-24T04:08:21.533Z
buy,9054.71,0.0,2018-04-24T04:08:21.580Z
buy,9120.71,0.0015,2018-04-24T04:08:21.590Z
buy,9153.35,0.0015,2018-04-24T04:08:21.593Z
sell,9214.99,4.05899807,2018-04-24T04:08:21.598Z
buy,9087.71,0.0015,2018-04-24T04:08:21.615Z
buy,9193.01,0.0,2018-04-24T04:08:21.617Z
sell,9214.99,1.55899807,2018-04-24T04:08:21.619Z
buy,9212.0,0.001,2018-04-24T04:08:21.623Z
buy,9214.98,20.91580347,2018-04-24T04:08:21.629Z
buy,9193.46,0.025,2018-04-24T04:08:21.632Z
buy,9193.46,0.01,2018-04-24T04:08:21.756Z
buy,9193.01,0.015,2018-04-24T04:08:21.758Z
buy,9193.01,0.0,2018-04-24T04:08:21.819Z
buy,9193.46,0.025,2018-04-24T04:08:21.826Z
buy,9153.35,0.0,2018-04-24T04:08:21.855Z
buy,9120.71,0.0,2018-04-24T04:08:21.858Z
buy,9087.71,0.0,2018-04-24T04:08:21.864Z
buy,9054.7,0.0015,2018-04-24T04:08:21.866Z
sell,9263.17,0.0,2018-04-24T04:08:21.872Z
buy,9186.26,0.0015,2018-04-24T04:08:21.877Z
buy,9173.93,0.0,2018-04-24T04:08:21.918Z
buy,9153.35,0.0015,2018-04-24T04:08:21.965Z
buy,9214.48,0.038,2018-04-24T04:08:21.970Z
sell,9214.99,1.56049807,2018-04-24T04:08:21.981Z
buy,9186.26,0.0,2018-04-24T04:08:21.988Z
buy,9120.7,0.0015,2018-04-24T04:08:21.994Z
buy,9087.7,0.0015,2018-04-24T04:08:22.008Z
sell,9214.99,1.55899807,2018-04-24T04:08:22.035Z
sell,9263.17,0.0015,2018-04-24T04:08:22.064Z
buy,9153.35,0.0,2018-04-24T04:08:22.081Z
buy,9186.26,0.0015,2018-04-24T04:08:22.090Z
sell,9263.17,0.0,2018-04-24T04:08:22.111Z
buy,9213.92,0.0,2018-04-24T04:08:22.115Z
sell,9230.13,0.0015,2018-04-24T04:08:22.140Z
buy,9186.26,0.0,2018-04-24T04:08:22.180Z
sell,9214.99,1.05899807,2018-04-24T04:08:22.194Z
buy,9153.35,0.0015,2018-04-24T04:08:22.201Z
sell,9230.13,0.0,2018-04-24T04:08:22.252Z
buy,9087.7,0.0,2018-04-24T04:08:22.267Z
buy,9205.24,2.516,2018-04-24T04:08:22.275Z
buy,9186.26,0.0015,2018-04-24T04:08:22.277Z
sell,9214.99,1.06049807,2018-04-24T04:08:22.280Z
sell,9214.99,1.05899807,2018-04-24T04:08:22.320Z
sell,9230.13,0.0015,2018-04-24T04:08:22.346Z
buy,9186.26,0.0,2018-04-24T04:08:22.375Z
buy,9120.7,0.0,2018-04-24T04:08:22.391Z
buy,9153.35,0.0,2018-04-24T04:08:22.393Z
buy,9087.7,0.0015,2018-04-24T04:08:22.399Z
buy,9214.98,20.82440347,2018-04-24T04:08:22.455Z
buy,9054.7,0.0,2018-04-24T04:08:22.478Z
sell,9230.13,0.0,2018-04-24T04:08:22.482Z
buy,9193.46,0.015,2018-04-24T04:08:22.488Z
buy,9186.26,0.0015,2018-04-24T04:08:22.490Z
buy,9181.01,6.4,2018-04-24T04:08:22.506Z
buy,9087.7,0.0,2018-04-24T04:08:22.517Z
buy,9193.46,0.025,2018-04-24T04:08:22.518Z
buy,9054.7,0.0015,2018-04-24T04:08:22.543Z
buy,9153.35,0.0015,2018-04-24T04:08:22.557Z
buy,9186.26,0.0,2018-04-24T04:08:22.564Z
sell,9263.18,0.0025,2018-04-24T04:08:22.580Z
buy,9120.7,0.0015,2018-04-24T04:08:22.584Z
buy,9193.46,0.01,2018-04-24T04:08:22.587Z
buy,9193.01,0.015,2018-04-24T04:08:22.597Z
buy,9153.4,0.0015,2018-04-24T04:08:22.606Z
sell,9219.94,0.0,2018-04-24T04:08:22.621Z
buy,9153.35,0.0,2018-04-24T04:08:22.624Z
buy,9087.7,0.0015,2018-04-24T04:08:22.633Z
sell,9219.12,0.7548,2018-04-24T04:08:22.636Z
sell,9263.18,0.001,2018-04-24T04:08:22.643Z
buy,9186.26,0.0015,2018-04-24T04:08:22.651Z
sell,9230.13,0.0015,2018-04-24T04:08:22.669Z
buy,9193.01,0.0,2018-04-24T04:08:22.679Z
buy,9193.46,0.025,2018-04-24T04:08:22.688Z
buy,9153.4,0.0,2018-04-24T04:08:22.690Z
buy,9153.35,0.0015,2018-04-24T04:08:22.719Z
buy,9210.35,0.0,2018-04-24T04:08:22.757Z
buy,9200.08,1.0,2018-04-24T04:08:22.795Z
sell,9219.12,0.0,2018-04-24T04:08:22.823Z
sell,9230.13,0.0,2018-04-24T04:08:22.825Z
sell,9219.28,0.7548,2018-04-24T04:08:22.829Z
buy,9120.7,0.0,2018-04-24T04:08:22.848Z
buy,9087.7,0.0,2018-04-24T04:08:22.859Z
buy,9186.26,0.0,2018-04-24T04:08:22.865Z
buy,9153.35,0.0,2018-04-24T04:08:22.866Z
sell,9263.18,0.0025,2018-04-24T04:08:22.872Z
buy,9087.69,0.0015,2018-04-24T04:08:22.878Z
buy,9120.69,0.0015,2018-04-24T04:08:22.881Z
buy,9054.7,0.0,2018-04-24T04:08:22.888Z
buy,9054.69,0.0015,2018-04-24T04:08:22.894Z
buy,9126.01,0.0,2018-04-24T04:08:22.922Z
sell,9263.18,0.001,2018-04-24T04:08:22.931Z
buy,9126.01,0.13527999999999998,2018-04-24T04:08:22.950Z
buy,9087.69,0.0,2018-04-24T04:08:22.953Z
sell,9230.12,0.0015,2018-04-24T04:08:22.961Z
buy,9153.35,0.0015,2018-04-24T04:08:22.966Z
buy,9186.26,0.0015,2018-04-24T04:08:22.989Z
buy,9214.98,20.91580347,2018-04-24T04:08:23.000Z
buy,9153.35,0.0,2018-04-24T04:08:23.008Z
buy,9120.69,0.0,2018-04-24T04:08:23.030Z
buy,9087.69,0.0015,2018-04-24T04:08:23.037Z
sell,9230.12,0.0,2018-04-24T04:08:23.049Z
buy,9186.26,0.0,2018-04-24T04:08:23.100Z
sell,9214.99,1.06049807,2018-04-24T04:08:23.111Z
buy,9153.35,0.0015,2018-04-24T04:08:23.114Z
buy,9120.69,0.0015,2018-04-24T04:08:23.130Z
sell,9214.99,1.05899807,2018-04-24T04:08:23.163Z
buy,9120.69,0.0,2018-04-24T04:08:23.187Z
sell,9219.28,0.0,2018-04-24T04:08:23.191Z
sell,9219.12,0.7548,2018-04-24T04:08:23.198Z
