side,price,size,time
buy,9132.01,0.0,2018-04-24T04:23:58.885Z
buy,9066.07,0.0015,2018-04-24T04:23:58.887Z
buy,9099.07,0.0015,2018-04-24T04:23:58.889Z
buy,9029.0,0.057,2018-04-24T04:23:58.907Z
buy,9165.01,0.0015,2018-04-24T04:23:58.914Z
buy,9201.46,0.0,2018-04-24T04:23:58.924Z
buy,9099.07,0.0,2018-04-24T04:23:58.933Z
buy,9165.01,0.0,2018-04-24T04:23:58.953Z
buy,9132.01,0.0015,2018-04-24T04:23:58.962Z
buy,9201.1,0.01,2018-04-24T04:23:58.964Z
buy,9197.37,0.0015,2018-04-24T04:23:58.965Z
buy,9066.07,0.0,2018-04-24T04:23:58.997Z
buy,9180.0,2.93988871,2018-04-24T04:23:59.011Z
buy,9201.1,0.0,2018-04-24T04:23:59.012Z
buy,9099.07,0.0015,2018-04-24T04:23:59.030Z
buy,9165.01,0.0015,2018-04-24T04:23:59.035Z
sell,9208.65,1.73035662,2018-04-24T04:23:59.254Z
buy,9208.64,29.95113806,2018-04-24T04:23:59.264Z
buy,9208.64,29.6550752,2018-04-24T04:23:59.267Z
buy,9197.37,0.0,2018-04-24T04:23:59.285Z
buy,9165.01,0.0,2018-04-24T04:23:59.305Z
buy,9132.01,0.0,2018-04-24T04:23:59.307Z
buy,9099.07,0.0,2018-04-24T04:23:59.308Z
buy,9066.07,0.0015,2018-04-24T04:23:59.313Z
buy,9200.86,0.01,2018-04-24T04:23:59.317Z
buy,9197.37,0.0015,2018-04-24T04:23:59.371Z
buy,9066.07,0.0,2018-04-24T04:23:59.388Z
buy,9099.07,0.0015,2018-04-24T04:23:59.396Z
buy,9197.37,0.0,2018-04-24T04:23:59.422Z
buy,9132.01,0.0015,2018-04-24T04:23:59.447Z
buy,9165.01,0.0015,2018-04-24T04:23:59.451Z
buy,9099.07,0.0,2018-04-24T04:23:59.471Z
buy,9066.07,0.0015,2018-04-24T04:23:59.501Z
buy,9197.37,0.0015,2018-04-24T04:23:59.503Z
buy,9165.01,0.0,2018-04-24T04:23:59.530Z
buy,9132.01,0.0,2018-04-24T04:23:59.585Z
buy,9099.07,0.0015,2018-04-24T04:23:59.693Z
sell,9217.57,0.81295629,2018-04-24T04:23:59.697Z
buy,9197.37,0.0,2018-04-24T04:23:59.698Z
buy,9165.01,0.0015,2018-04-24T04:23:59.701Z
buy,9132.01,0.0015,2018-04-24T04:23:59.702Z
buy,9208.64,41.2550752,2018-04-24T04:23:59.703Z
buy,9183.77,0.0,2018-04-24T04:23:59.704Z
sell,9208.65,1.64253708,2018-04-24T04:23:59.706Z
sell,9208.65,1.21212345,2018-04-24T04:23:59.709Z
sell,9208.65,0.98194765,2018-04-24T04:23:59.711Z
buy,9183.78,0.536045,2018-04-24T04:23:59.714Z
sell,9227.08,0.9,2018-04-24T04:23:59.715Z
sell,9231.69,0.0,2018-04-24T04:23:59.716Z
sell,9208.65,0.68123371,2018-04-24T04:23:59.717Z
sell,9227.08,0.0,2018-04-24T04:23:59.719Z
sell,9231.7,0.9,2018-04-24T04:23:59.721Z
sell,9227.09,0.9,2018-04-24T04:23:59.722Z
sell,9227.09,1.8,2018-04-24T04:23:59.724Z
buy,9200.86,0.0,2018-04-24T04:23:59.894Z
buy,9202.3,0.01,2018-04-24T04:23:59.901Z
buy,9208.64,41.2534052,2018-04-24T04:23:59.911Z
buy,9208.64,41.2550552,2018-04-24T04:23:59.918Z
buy,9202.3,0.0,2018-04-24T04:23:59.926Z
buy,9099.09,0.0015,2018-04-24T04:23:59.929Z
buy,9099.07,0.0,2018-04-24T04:23:59.951Z
buy,9197.37,0.0015,2018-04-24T04:23:59.959Z
buy,9165.01,0.0,2018-04-24T04:23:59.978Z
buy,9132.01,0.0,2018-04-24T04:23:59.979Z
buy,9066.09,0.0015,2018-04-24T04:23:59.985Z
buy,9202.9,0.01,2018-04-24T04:24:00.022Z
buy,9202.9,0.0,2018-04-24T04:24:00.049Z
buy,8950.69,0.1,2018-04-24T04:24:00.070Z
buy,9197.37,0.0,2018-04-24T04:24:00.097Z
buy,9165.01,0.0015,2018-04-24T04:24:00.121Z
buy,9132.01,0.0015,2018-04-24T04:24:00.130Z
buy,9066.07,0.0,2018-04-24T04:24:00.135Z
buy,9200.0,18.21900188,2018-04-24T04:24:00.143Z
buy,9197.37,0.0015,2018-04-24T04:24:00.155Z
sell,9208.66,1.3331433000000001,2018-04-24T04:24:00.212Z
buy,9029.01,0.0,2018-04-24T04:24:00.246Z
buy,9029.0,0.055999999999999994,2018-04-24T04:24:00.248Z
buy,9028.99,0.001,2018-04-24T04:24:00.255Z
buy,8949.7,0.0,2018-04-24T04:24:00.320Z
buy,8950.69,0.0,2018-04-24T04:24:00.323Z
sell,9208.65,0.21212345,2018-04-24T04:24:00.340Z
buy,8949.63,0.1,2018-04-24T04:24:00.383Z
buy,9203.49,0.01,2018-04-24T04:24:00.386Z
buy,9203.49,0.0,2018-04-24T04:24:00.436Z
buy,9208.64,29.655055199999996,2018-04-24T04:24:00.590Z
buy,9132.01,0.0,2018-04-24T04:24:00.606Z
buy,9197.37,0.0,2018-04-24T04:24:00.626Z
buy,9165.01,0.0,2018-04-24T04:24:00.627Z
buy,9099.09,0.0,2018-04-24T04:24:00.629Z
buy,9066.11,0.0015,2018-04-24T04:24:00.634Z
sell,9208.65,0.2094,2018-04-24T04:24:00.658Z
sell,9208.65,0.1094,2018-04-24T04:24:00.661Z
sell,9208.65,0.10800000000000001,2018-04-24T04:24:00.664Z
sell,9208.65,0.07150532,2018-04-24T04:24:00.666Z
sell,9208.65,0.0,2018-04-24T04:24:00.671Z
buy,9208.65,2.5509,2018-04-24T04:24:00.675Z
buy,9195.06,0.0,2018-04-24T04:24:00.676Z
buy,8949.63,0.0,2018-04-24T04:24:00.677Z
buy,8949.49,0.1,2018-04-24T04:24:00.682Z
buy,9208.65,3.213357,2018-04-24T04:24:00.684Z
buy,9195.39,0.1,2018-04-24T04:24:00.689Z
buy,9208.65,5.713357,2018-04-24T04:24:00.692Z
buy,9208.64,27.155055199999996,2018-04-24T04:24:00.693Z
buy,9203.99,0.00133333,2018-04-24T04:24:00.695Z
buy,9208.64,26.492597200000002,2018-04-24T04:24:00.697Z
buy,9208.65,6.085357,2018-04-24T04:24:00.700Z
buy,9208.65,7.085357000000001,2018-04-24T04:24:00.702Z
sell,9212.0,0.0025,2018-04-24T04:24:00.704Z
buy,9208.64,26.46136469,2018-04-24T04:24:00.722Z
buy,9208.64,25.14742755,2018-04-24T04:24:00.728Z
buy,9208.65,15.785357000000001,2018-04-24T04:24:00.733Z
buy,9066.09,0.0,2018-04-24T04:24:00.769Z
buy,9208.65,17.086357,2018-04-24T04:24:00.776Z
buy,9165.01,0.0015,2018-04-24T04:24:00.779Z
sell,9229.85,0.0,2018-04-24T04:24:00.780Z
sell,9208.66,1.4331433,2018-04-24T04:24:00.783Z
buy,9132.01,0.0015,2018-04-24T04:24:00.785Z
sell,9229.86,0.9,2018-04-24T04:24:00.789Z
buy,9099.11,0.0015,2018-04-24T04:24:00.792Z
buy,9208.65,18.056357000000002,2018-04-24T04:24:00.793Z
sell,9217.57,0.0,2018-04-24T04:24:00.807Z
sell,9213.65,0.0,2018-04-24T04:24:00.813Z
buy,9208.65,18.08758948,2018-04-24T04:24:00.820Z
buy,9197.37,0.0015,2018-04-24T04:24:00.825Z
buy,8949.49,0.0,2018-04-24T04:24:00.873Z
buy,8949.18,0.1,2018-04-24T04:24:00.875Z
sell,9213.66,0.16793621,2018-04-24T04:24:00.911Z
sell,9240.98,0.035,2018-04-24T04:24:01.036Z
buy,9208.64,24.92595755,2018-04-24T04:24:01.193Z
buy,8949.18,0.0,2018-04-24T04:24:01.235Z
buy,8948.95,0.1,2018-04-24T04:24:01.250Z
sell,9340.66,0.0,2018-04-24T04:24:01.305Z
buy,9028.99,0.0,2018-04-24T04:24:01.393Z
buy,9029.01,0.001,2018-04-24T04:24:01.400Z
buy,9029.0,0.057,2018-04-24T04:24:01.524Z
buy,9208.65,21.08758948,2018-04-24T04:24:01.620Z
buy,9197.37,0.0,2018-04-24T04:24:01.630Z
buy,9165.01,0.0,2018-04-24T04:24:01.652Z
buy,9132.01,0.0,2018-04-24T04:24:01.654Z
buy,9099.12,0.0015,2018-04-24T04:24:01.661Z
buy,9099.12,0.0,2018-04-24T04:24:01.912Z
buy,9099.11,0.0,2018-04-24T04:24:01.914Z
buy,9197.37,0.0015,2018-04-24T04:24:01.965Z
buy,9066.12,0.0015,2018-04-24T04:24:01.969Z
buy,9165.01,0.0015,2018-04-24T04:24:01.972Z
buy,9132.01,0.0015,2018-04-24T04:24:02.016Z
buy,9126.01,0.27275,2018-04-24T04:24:02.021Z
buy,9126.01,0.15154,2018-04-24T04:24:02.025Z
buy,9126.01,0.16913,2018-04-24T04:24:02.033Z
buy,9197.37,0.0,2018-04-24T04:24:02.051Z
sell,9220.19,0.0,2018-04-24T04:24:02.062Z
buy,9165.01,0.0,2018-04-24T04:24:02.075Z
buy,9132.01,0.0,2018-04-24T04:24:02.077Z
sell,9219.94,0.5,2018-04-24T04:24:02.080Z
buy,9099.12,0.0015,2018-04-24T04:24:02.088Z
buy,8951.65,0.1,2018-04-24T04:24:02.157Z
buy,9197.37,0.0015,2018-04-24T04:24:02.292Z
buy,9165.01,0.0015,2018-04-24T04:24:02.296Z
buy,9029.0,0.055999999999999994,2018-04-24T04:24:02.333Z
buy,9029.01,0.0,2018-04-24T04:24:02.336Z
buy,9028.99,0.001,2018-04-24T04:24:02.345Z
buy,9197.37,0.0,2018-04-24T04:24:02.376Z
buy,9165.01,0.0,2018-04-24T04:24:02.398Z
buy,9132.01,0.0015,2018-04-24T04:24:02.407Z
buy,9099.12,0.0,2018-04-24T04:24:02.436Z
buy,9165.01,0.0015,2018-04-24T04:24:02.485Z
buy,9197.37,0.0015,2018-04-24T04:24:02.486Z
buy,9197.37,0.0,2018-04-24T04:24:02.547Z
buy,9132.01,0.0,2018-04-24T04:24:02.567Z
buy,9165.01,0.0,2018-04-24T04:24:02.570Z
buy,9099.12,0.0015,2018-04-24T04:24:02.575Z
buy,9208.65,39.88758948,2018-04-24T04:24:02.577Z
buy,9208.64,6.12595755,2018-04-24T04:24:02.579Z
buy,9183.78,0.0,2018-04-24T04:24:02.608Z
buy,9183.79,0.536045,2018-04-24T04:24:02.617Z
buy,9197.37,0.0015,2018-04-24T04:24:02.618Z
buy,9132.01,0.0015,2018-04-24T04:24:02.631Z
buy,9099.12,0.0,2018-04-24T04:24:02.653Z
buy,9165.01,0.0015,2018-04-24T04:24:02.682Z
sell,9221.55,0.0,2018-04-24T04:24:02.768Z
buy,9197.37,0.0,2018-04-24T04:24:02.802Z
buy,9099.14,0.25130099,2018-04-24T04:24:02.838Z
buy,9066.14,0.0015,2018-04-24T04:24:02.840Z
buy,9151.01,0.01,2018-04-24T04:24:02.858Z
buy,9165.01,0.0,2018-04-24T04:24:02.884Z
buy,9197.37,0.0015,2018-04-24T04:24:02.897Z
buy,9126.01,0.15154,2018-04-24T04:24:02.916Z
buy,9126.01,0.0,2018-04-24T04:24:02.918Z
buy,9126.01,0.10979000000000001,2018-04-24T04:24:02.927Z
buy,9197.37,0.0,2018-04-24T04:24:02.965Z
buy,9028.99,0.0,2018-04-24T04:24:02.992Z
buy,9165.01,0.0015,2018-04-24T04:24:02.994Z
buy,9181.66,0.0,2018-04-24T04:24:03.016Z
buy,9126.01,0.0,2018-04-24T04:24:03.017Z
buy,9126.01,0.10155,2018-04-24T04:24:03.030Z
buy,9099.14,0.24980099,2018-04-24T04:24:03.035Z
buy,9029.01,0.001,2018-04-24T04:24:03.040Z
buy,9197.37,0.0015,2018-04-24T04:24:03.064Z
buy,9132.01,0.0,2018-04-24T04:24:03.082Z
buy,9165.01,0.0,2018-04-24T04:24:03.083Z
buy,9099.14,0.25130099,2018-04-24T04:24:03.091Z
buy,9029.0,0.057,2018-04-24T04:24:03.162Z
buy,9193.16,3.23,2018-04-24T04:24:03.202Z
buy,9197.37,0.0,2018-04-24T04:24:03.231Z
buy,9165.01,0.0015,2018-04-24T04:24:03.265Z
buy,9132.01,0.0015,2018-04-24T04:24:03.286Z
buy,9186.38,0.001,2018-04-24T04:24:03.302Z
buy,9160.22,0.0,2018-04-24T04:24:03.314Z
buy,9165.01,0.0,2018-04-24T04:24:03.346Z
buy,9197.37,0.0015,2018-04-24T04:24:03.421Z
buy,9029.0,0.055999999999999994,2018-04-24T04:24:03.426Z
buy,9029.01,0.0,2018-04-24T04:24:03.442Z
sell,9241.95,0.43,2018-04-24T04:24:03.701Z
buy,9208.65,42.38758948,2018-04-24T04:24:03.702Z
buy,9028.99,0.001,2018-04-24T04:24:03.706Z
buy,9197.37,0.0,2018-04-24T04:24:03.757Z
buy,9165.01,0.0015,2018-04-24T04:24:03.765Z
buy,9029.0,0.057,2018-04-24T04:24:03.776Z
buy,8948.95,0.0,2018-04-24T04:24:03.844Z
buy,8951.65,0.0,2018-04-24T04:24:03.882Z
buy,8948.88,0.1,2018-04-24T04:24:03.886Z
buy,9132.01,0.0,2018-04-24T04:24:03.985Z
buy,9099.14,0.24980099,2018-04-24T04:24:04.010Z
buy,9165.01,0.0,2018-04-24T04:24:04.011Z
buy,9028.99,0.0,2018-04-24T04:24:04.015Z
buy,9099.15,0.0015,2018-04-24T04:24:04.019Z
buy,9066.15,0.0015,2018-04-24T04:24:04.021Z
buy,9029.01,0.001,2018-04-24T04:24:04.023Z
buy,9126.01,0.13042,2018-04-24T04:24:04.053Z
buy,9197.37,0.0015,2018-04-24T04:24:04.064Z
buy,9132.01,0.0015,2018-04-24T04:24:04.070Z
buy,9099.15,0.0,2018-04-24T04:24:04.077Z
buy,9165.01,0.0015,2018-04-24T04:24:04.099Z
buy,9208.64,6.11595755,2018-04-24T04:24:04.122Z
buy,9126.01,0.14190999999999998,2018-04-24T04:24:04.125Z
sell,9224.94,0.03248062,2018-04-24T04:24:04.128Z
buy,9197.37,0.0,2018-04-24T04:24:04.150Z
buy,9193.71,0.0,2018-04-24T04:24:04.157Z
buy,9206.0,0.00257,2018-04-24T04:24:04.164Z
sell,9209.95,0.00125,2018-04-24T04:24:04.171Z
buy,9132.01,0.0,2018-04-24T04:24:04.175Z
buy,9165.01,0.0,2018-04-24T04:24:04.177Z
buy,9208.6,1.09412688,2018-04-24T04:24:04.179Z
buy,9197.63,2.346,2018-04-24T04:24:04.181Z
sell,9208.66,1.42432015,2018-04-24T04:24:04.183Z
buy,9099.15,0.0015,2018-04-24T04:24:04.187Z
sell,9213.6,1.08523,2018-04-24T04:24:04.189Z
buy,9066.15,0.0,2018-04-24T04:24:04.219Z
buy,9197.37,0.0015,2018-04-24T04:24:04.239Z
sell,9209.95,0.0,2018-04-24T04:24:04.249Z
buy,9132.01,0.0015,2018-04-24T04:24:04.267Z
buy,9099.15,0.0,2018-04-24T04:24:04.280Z
buy,9197.36,0.0,2018-04-24T04:24:04.287Z
buy,8890.0,3.18976643,2018-04-24T04:24:04.288Z
buy,9197.63,2.3609999999999998,2018-04-24T04:24:04.298Z
buy,9066.15,0.0015,2018-04-24T04:24:04.302Z
buy,9165.01,0.0015,2018-04-24T04:24:04.319Z
buy,9197.37,0.0,2018-04-24T04:24:04.378Z
buy,9197.63,2.346,2018-04-24T04:24:04.383Z
buy,9198.01,0.015,2018-04-24T04:24:04.391Z
buy,9132.01,0.0,2018-04-24T04:24:04.409Z
buy,9099.15,0.0015,2018-04-24T04:24:04.417Z
buy,9066.15,0.0,2018-04-24T04:24:04.430Z
buy,9197.63,2.3475,2018-04-24T04:24:04.439Z
buy,9165.01,0.0,2018-04-24T04:24:04.459Z
buy,9132.01,0.0015,2018-04-24T04:24:04.485Z
buy,9099.15,0.0,2018-04-24T04:24:04.505Z
sell,9213.0,0.00275,2018-04-24T04:24:04.511Z
buy,9198.02,0.0015,2018-04-24T04:24:04.515Z
buy,9132.01,0.0,2018-04-24T04:24:04.541Z
buy,9197.63,2.346,2018-04-24T04:24:04.557Z
buy,9066.15,0.0015,2018-04-24T04:24:04.567Z
buy,9165.01,0.0015,2018-04-24T04:24:04.588Z
buy,9198.02,0.0,2018-04-24T04:24:04.598Z
buy,9099.15,0.0015,2018-04-24T04:24:04.602Z
buy,9165.01,0.0,2018-04-24T04:24:04.637Z
sell,9227.5,2.0704072,2018-04-24T04:24:04.639Z
buy,9132.01,0.0015,2018-04-24T04:24:04.657Z
buy,9066.15,0.0,2018-04-24T04:24:04.665Z
buy,9198.02,0.0015,2018-04-24T04:24:04.698Z
buy,9165.01,0.0015,2018-04-24T04:24:04.706Z
buy,9132.01,0.0,2018-04-24T04:24:04.746Z
buy,9099.15,0.0,2018-04-24T04:24:04.755Z
buy,9066.15,0.0015,2018-04-24T04:24:04.761Z
buy,9208.65,42.60872948,2018-04-24T04:24:04.763Z
sell,9962.32,0.012209999999999999,2018-04-24T04:24:04.795Z
sell,9226.95,0.0,2018-04-24T04:24:04.796Z
buy,9165.01,0.0,2018-04-24T04:24:04.870Z
buy,9198.02,0.0,2018-04-24T04:24:04.893Z
buy,9132.01,0.0015,2018-04-24T04:24:04.902Z
buy,9099.17,0.0015,2018-04-24T04:24:04.905Z
buy,9066.17,0.0015,2018-04-24T04:24:04.923Z
buy,9165.01,0.0015,2018-04-24T04:24:04.940Z
buy,9203.7,0.0,2018-04-24T04:24:05.038Z
buy,9029.01,0.0,2018-04-24T04:24:05.039Z
buy,9126.01,0.24894000000000002,2018-04-24T04:24:05.040Z
buy,9029.0,0.055999999999999994,2018-04-24T04:24:05.048Z
sell,9500.0,107.50494193,2018-04-24T04:24:05.079Z
buy,9028.99,0.001,2018-04-24T04:24:05.110Z
buy,9066.17,0.0,2018-04-24T04:24:05.198Z
buy,9198.02,0.0015,2018-04-24T04:24:05.232Z
buy,9132.01,0.0,2018-04-24T04:24:05.252Z
buy,9165.01,0.0,2018-04-24T04:24:05.253Z
buy,9099.17,0.0,2018-04-24T04:24:05.254Z
buy,9066.17,0.0015,2018-04-24T04:24:05.260Z
buy,9198.02,0.0,2018-04-24T04:24:05.316Z
buy,9132.01,0.0015,2018-04-24T04:24:05.343Z
buy,9066.15,0.0,2018-04-24T04:24:05.363Z
buy,9165.01,0.0015,2018-04-24T04:24:05.392Z
buy,9208.64,6.12695755,2018-04-24T04:24:05.400Z
buy,9028.99,0.0,2018-04-24T04:24:05.405Z
buy,9029.0,0.057,2018-04-24T04:24:05.414Z
buy,9132.01,0.0,2018-04-24T04:24:05.414Z
buy,9099.17,0.0015,2018-04-24T04:24:05.420Z
buy,9066.17,0.0,2018-04-24T04:24:05.438Z
buy,9198.02,0.0015,2018-04-24T04:24:05.447Z
buy,9165.01,0.0,2018-04-24T04:24:05.483Z
buy,9132.01,0.0015,2018-04-24T04:24:05.521Z
buy,9198.02,0.0,2018-04-24T04:24:05.560Z
sell,9229.9,2.5380000000000003,2018-04-24T04:24:05.574Z
buy,9099.17,0.0,2018-04-24T04:24:05.582Z
buy,9132.01,0.0,2018-04-24T04:24:05.583Z
buy,9200.1,0.01,2018-04-24T04:24:05.586Z
buy,9066.17,0.0015,2018-04-24T04:24:05.589Z
buy,9198.02,0.0015,2018-04-24T04:24:05.648Z
buy,9208.64,6.82669233,2018-04-24T04:24:05.649Z
buy,9165.01,0.0015,2018-04-24T04:24:05.651Z
buy,9208.65,42.69872948,2018-04-24T04:24:05.652Z
buy,9066.17,0.0,2018-04-24T04:24:05.690Z
buy,9099.17,0.0015,2018-04-24T04:24:05.723Z
buy,9132.01,0.0015,2018-04-24T04:24:05.725Z
buy,9200.1,0.0,2018-04-24T04:24:05.776Z
buy,9208.5,0.00217,2018-04-24T04:24:05.812Z
sell,9223.21,0.0,2018-04-24T04:24:05.823Z
buy,9204.0,0.001,2018-04-24T04:24:05.834Z
sell,9217.74,0.971,2018-04-24T04:24:05.841Z
buy,9132.01,0.0,2018-04-24T04:24:05.894Z
buy,9029.01,0.001,2018-04-24T04:24:05.910Z
buy,9099.17,0.0,2018-04-24T04:24:05.917Z
buy,9198.02,0.0,2018-04-24T04:24:05.919Z
buy,9165.01,0.0,2018-04-24T04:24:05.923Z
buy,9099.19,0.0015,2018-04-24T04:24:05.926Z
buy,9208.65,42.79872948,2018-04-24T04:24:05.930Z
buy,9066.19,0.0015,2018-04-24T04:24:05.932Z
buy,9200.01,0.04554534,2018-04-24T04:24:05.933Z
sell,9208.66,1.53232015,2018-04-24T04:24:05.945Z
buy,9055.0,3.88409901,2018-04-24T04:24:05.963Z
buy,9132.01,0.0015,2018-04-24T04:24:05.965Z
buy,9126.01,0.14190999999999998,2018-04-24T04:24:06.021Z
buy,9126.01,0.11304000000000002,2018-04-24T04:24:06.023Z
buy,9126.01,0.10155,2018-04-24T04:24:06.027Z
buy,9066.19,0.0,2018-04-24T04:24:06.035Z
buy,9198.02,0.0015,2018-04-24T04:24:06.091Z
buy,9165.01,0.0015,2018-04-24T04:24:06.093Z
buy,9132.01,0.0,2018-04-24T04:24:06.134Z
buy,9099.19,0.0,2018-04-24T04:24:06.181Z
buy,9066.19,0.0015,2018-04-24T04:24:06.184Z
buy,9165.01,0.0,2018-04-24T04:24:06.200Z
buy,9198.02,0.0,2018-04-24T04:24:06.201Z
buy,9132.01,0.0015,2018-04-24T04:24:06.204Z
buy,9029.0,0.055999999999999994,2018-04-24T04:24:06.267Z
buy,9028.99,0.001,2018-04-24T04:24:06.279Z
buy,9099.19,0.0015,2018-04-24T04:24:06.284Z
buy,9132.01,0.0,2018-04-24T04:24:06.309Z
buy,9198.02,0.0015,2018-04-24T04:24:06.445Z
buy,9165.01,0.0015,2018-04-24T04:24:06.447Z
buy,9208.65,43.24314858,2018-04-24T04:24:06.553Z
buy,9208.65,43.33114858,2018-04-24T04:24:06.840Z
buy,9029.01,0.0,2018-04-24T04:24:06.841Z
buy,9029.0,0.057,2018-04-24T04:24:06.849Z
buy,9165.01,0.0,2018-04-24T04:24:06.883Z
buy,9198.02,0.0,2018-04-24T04:24:06.899Z
buy,9132.01,0.0015,2018-04-24T04:24:06.908Z
buy,9099.2,0.0015,2018-04-24T04:24:06.911Z
buy,9099.19,0.0,2018-04-24T04:24:06.925Z
buy,9066.2,0.0015,2018-04-24T04:24:06.936Z
buy,9066.19,0.0,2018-04-24T04:24:06.948Z
sell,9232.71,0.0,2018-04-24T04:24:06.971Z
buy,9165.01,0.0015,2018-04-24T04:24:06.973Z
buy,9066.2,0.0,2018-04-24T04:24:06.990Z
sell,9233.14,0.0,2018-04-24T04:24:06.999Z
buy,9199.15,0.01,2018-04-24T04:24:07.012Z
buy,9198.02,0.0015,2018-04-24T04:24:07.039Z
sell,9242.22,0.25,2018-04-24T04:24:07.045Z
buy,9126.01,0.15964,2018-04-24T04:24:07.066Z
sell,9244.22,1.0,2018-04-24T04:24:07.073Z
buy,9099.2,0.0,2018-04-24T04:24:07.122Z
buy,9199.15,0.0,2018-04-24T04:24:07.123Z
buy,9165.01,0.0,2018-04-24T04:24:07.127Z
buy,9198.02,0.0,2018-04-24T04:24:07.128Z
buy,9132.01,0.0,2018-04-24T04:24:07.130Z
buy,9066.2,0.0015,2018-04-24T04:24:07.133Z
buy,9165.01,0.0015,2018-04-24T04:24:07.204Z
buy,9099.2,0.0015,2018-04-24T04:24:07.235Z
buy,9165.01,0.0,2018-04-24T04:24:07.253Z
buy,9132.01,0.0015,2018-04-24T04:24:07.319Z
buy,8853.31,0.0,2018-04-24T04:24:07.320Z
buy,9099.2,0.0,2018-04-24T04:24:07.328Z
buy,9198.02,0.0015,2018-04-24T04:24:07.338Z
buy,9165.01,0.0015,2018-04-24T04:24:07.353Z
buy,9198.97,0.01,2018-04-24T04:24:07.360Z
buy,9198.02,0.0,2018-04-24T04:24:07.375Z
buy,9132.01,0.0,2018-04-24T04:24:07.393Z
buy,9099.2,0.0015,2018-04-24T04:24:07.403Z
buy,9208.64,6.96169233,2018-04-24T04:24:07.507Z
buy,9208.65,24.53114858,2018-04-24T04:24:07.512Z
buy,9208.65,22.03114858,2018-04-24T04:24:07.513Z
buy,9183.79,0.0,2018-04-24T04:24:07.528Z
buy,9183.78,0.536045,2018-04-24T04:24:07.531Z
buy,9099.2,0.0,2018-04-24T04:24:07.555Z
buy,9198.02,0.0015,2018-04-24T04:24:07.609Z
buy,9165.01,0.0,2018-04-24T04:24:07.613Z
buy,9132.01,0.0015,2018-04-24T04:24:07.779Z
sell,9208.66,0.80802035,2018-04-24T04:24:07.792Z
buy,9198.97,0.0,2018-04-24T04:24:07.801Z
sell,9229.86,0.0,2018-04-24T04:24:07.802Z
sell,9227.09,0.9,2018-04-24T04:24:07.803Z
buy,9029.0,0.055999999999999994,2018-04-24T04:24:07.804Z
sell,9231.7,0.0,2018-04-24T04:24:07.808Z
buy,9199.52,0.01,2018-04-24T04:24:07.810Z
sell,9227.09,0.0,2018-04-24T04:24:07.810Z
buy,9029.01,0.001,2018-04-24T04:24:07.812Z
buy,9183.78,0.0,2018-04-24T04:24:07.813Z
sell,9229.27,0.9,2018-04-24T04:24:07.814Z
sell,9232.03,0.9,2018-04-24T04:24:07.816Z
sell,9233.88,0.9,2018-04-24T04:24:07.820Z
buy,9198.02,0.0,2018-04-24T04:24:07.824Z
buy,9185.95,0.536045,2018-04-24T04:24:07.827Z
sell,9229.27,1.8,2018-04-24T04:24:07.828Z
buy,9132.01,0.0,2018-04-24T04:24:07.847Z
buy,9099.2,0.0015,2018-04-24T04:24:07.856Z
buy,9165.01,0.0015,2018-04-24T04:24:07.872Z
buy,9199.52,0.0,2018-04-24T04:24:07.873Z
sell,9289.99,1.1427100000000001,2018-04-24T04:24:07.948Z
sell,9289.99,1.04037,2018-04-24T04:24:07.953Z
sell,9289.99,1.0362,2018-04-24T04:24:07.955Z
sell,9289.99,1.01365,2018-04-24T04:24:07.957Z
sell,9289.99,1.011,2018-04-24T04:24:07.959Z
sell,9334.65,0.13392,2018-04-24T04:24:07.963Z
buy,9126.01,0.24878000000000003,2018-04-24T04:24:07.980Z
buy,9165.01,0.0,2018-04-24T04:24:07.995Z
buy,9132.22,0.05625119,2018-04-24T04:24:08.001Z
buy,9099.22,0.0015,2018-04-24T04:24:08.015Z
buy,9099.2,0.0,2018-04-24T04:24:08.018Z
buy,9066.22,0.0015,2018-04-24T04:24:08.022Z
buy,9198.02,0.0015,2018-04-24T04:24:08.028Z
buy,9182.74,0.0,2018-04-24T04:24:08.050Z
buy,9205.96,0.0017699999999999999,2018-04-24T04:24:08.051Z
buy,9199.72,0.01,2018-04-24T04:24:08.052Z
buy,9198.02,0.0,2018-04-24T04:24:08.087Z
buy,9165.01,0.0015,2018-04-24T04:24:08.112Z
buy,9199.72,0.0,2018-04-24T04:24:08.148Z
buy,9099.22,0.0,2018-04-24T04:24:08.396Z
buy,9198.02,0.0015,2018-04-24T04:24:08.409Z
buy,9029.01,0.0,2018-04-24T04:24:08.416Z
buy,9132.22,0.05475119,2018-04-24T04:24:08.417Z
buy,9165.01,0.0,2018-04-24T04:24:08.419Z
buy,9099.22,0.0015,2018-04-24T04:24:08.426Z
buy,9029.0,0.057,2018-04-24T04:24:08.427Z
buy,9198.02,0.0,2018-04-24T04:24:08.459Z
buy,9132.22,0.05625119,2018-04-24T04:24:08.464Z
buy,7877.14,1.04468701,2018-04-24T04:24:08.478Z
buy,9165.01,0.0015,2018-04-24T04:24:08.481Z
buy,9066.22,0.0,2018-04-24T04:24:08.493Z
buy,9198.02,0.0015,2018-04-24T04:24:08.501Z
buy,9099.22,0.0,2018-04-24T04:24:08.510Z
buy,9132.22,0.05475119,2018-04-24T04:24:08.511Z
buy,9165.01,0.0,2018-04-24T04:24:08.512Z
buy,9066.22,0.0015,2018-04-24T04:24:08.515Z
buy,9208.65,43.33114858,2018-04-24T04:24:08.735Z
buy,9198.02,0.0,2018-04-24T04:24:08.736Z
sell,9232.03,0.0,2018-04-24T04:24:08.738Z
buy,9029.0,0.055999999999999994,2018-04-24T04:24:08.742Z
sell,9232.04,0.9,2018-04-24T04:24:08.744Z
buy,9099.22,0.0015,2018-04-24T04:24:08.746Z
buy,9066.2,0.0,2018-04-24T04:24:08.750Z
buy,9029.01,0.001,2018-04-24T04:24:08.760Z
buy,9165.01,0.0015,2018-04-24T04:24:08.763Z
buy,9132.22,0.05625119,2018-04-24T04:24:08.766Z
buy,9099.22,0.0,2018-04-24T04:24:08.771Z
buy,9198.02,0.0015,2018-04-24T04:24:08.780Z
sell,9334.65,0.0,2018-04-24T04:24:08.796Z
sell,9289.99,1.1449200000000002,2018-04-24T04:24:08.801Z
sell,9208.66,0.70914181,2018-04-24T04:24:08.807Z
buy,9198.02,0.0,2018-04-24T04:24:08.812Z
buy,9165.01,0.0,2018-04-24T04:24:08.829Z
buy,9132.22,0.05475119,2018-04-24T04:24:08.831Z
buy,9099.22,0.0015,2018-04-24T04:24:08.834Z
buy,9066.23,0.0015,2018-04-24T04:24:08.837Z
sell,9208.66,0.59457008,2018-04-24T04:24:08.843Z
buy,9203.99,0.0,2018-04-24T04:24:08.865Z
buy,9208.65,43.33248191,2018-04-24T04:24:08.903Z
buy,9198.02,0.0015,2018-04-24T04:24:08.954Z
buy,9066.23,0.0,2018-04-24T04:24:08.971Z
buy,9099.23,0.0015,2018-04-24T04:24:08.984Z
buy,9165.01,0.0015,2018-04-24T04:24:09.041Z
buy,9132.22,0.05625119,2018-04-24T04:24:09.044Z
buy,9198.02,0.0,2018-04-24T04:24:09.048Z
buy,9099.22,0.0,2018-04-24T04:24:09.049Z
buy,9126.01,0.41839,2018-04-24T04:24:09.051Z
buy,9066.23,0.0015,2018-04-24T04:24:09.053Z
sell,9213.01,0.0,2018-04-24T04:24:09.080Z
sell,9217.22,0.6711,2018-04-24T04:24:09.094Z
buy,9185.95,0.0,2018-04-24T04:24:09.095Z
sell,9233.88,0.0,2018-04-24T04:24:09.096Z
sell,9229.27,0.9,2018-04-24T04:24:09.098Z
sell,9217.22,0.9211,2018-04-24T04:24:09.101Z
sell,9232.04,0.0,2018-04-24T04:24:09.114Z
sell,9229.27,0.0,2018-04-24T04:24:09.126Z
buy,9186.25,0.536045,2018-04-24T04:24:09.129Z
sell,9229.57,0.9,2018-04-24T04:24:09.132Z
sell,9232.33,0.9,2018-04-24T04:24:09.135Z
sell,9229.57,1.8,2018-04-24T04:24:09.140Z
sell,9234.18,0.9,2018-04-24T04:24:09.142Z
buy,9165.01,0.0,2018-04-24T04:24:09.156Z
buy,9198.02,0.0015,2018-04-24T04:24:09.201Z
sell,9217.22,0.25,2018-04-24T04:24:09.203Z
sell,9217.21,0.6611,2018-04-24T04:24:09.209Z
buy,9029.01,0.0,2018-04-24T04:24:09.237Z
buy,9029.0,0.057,2018-04-24T04:24:09.241Z
buy,9198.02,0.0,2018-04-24T04:24:09.242Z
sell,9246.31,5.4,2018-04-24T04:24:09.285Z
buy,9132.22,0.05475119,2018-04-24T04:24:09.331Z
buy,9165.01,0.0015,2018-04-24T04:24:09.345Z
buy,9198.02,0.0015,2018-04-24T04:24:09.351Z
sell,9212.92,4.3,2018-04-24T04:24:09.354Z
sell,9233.61,0.0,2018-04-24T04:24:09.367Z
buy,9186.25,0.0,2018-04-24T04:24:09.380Z
sell,9234.18,0.0,2018-04-24T04:24:09.384Z
sell,9229.57,0.9,2018-04-24T04:24:09.386Z
sell,9228.45,2.146,2018-04-24T04:24:09.444Z
sell,9208.66,0.48657008,2018-04-24T04:24:09.445Z
sell,9233.83,0.9,2018-04-24T04:24:09.447Z
sell,9217.21,0.0,2018-04-24T04:24:09.449Z
buy,9165.01,0.0,2018-04-24T04:24:09.450Z
buy,9198.02,0.0,2018-04-24T04:24:09.454Z
buy,9185.91,0.536045,2018-04-24T04:24:09.455Z
sell,9209.0,0.11007,2018-04-24T04:24:09.456Z
buy,9132.22,0.05625119,2018-04-24T04:24:09.458Z
sell,9229.22,0.9,2018-04-24T04:24:09.468Z
buy,9132.22,0.05475119,2018-04-24T04:24:09.536Z
buy,9198.02,0.0015,2018-04-24T04:24:09.554Z
buy,9165.01,0.0015,2018-04-24T04:24:09.557Z
buy,9208.65,22.03248191,2018-04-24T04:24:09.578Z
buy,9066.23,0.0,2018-04-24T04:24:09.596Z
buy,9132.22,0.05625119,2018-04-24T04:24:09.610Z
sell,9246.31,0.0,2018-04-24T04:24:09.615Z
buy,9126.01,0.24878000000000003,2018-04-24T04:24:09.632Z
buy,9165.01,0.0,2018-04-24T04:24:09.647Z
buy,9126.01,0.36403,2018-04-24T04:24:09.670Z
buy,9099.23,0.0,2018-04-24T04:24:09.675Z
buy,9198.02,0.0,2018-04-24T04:24:09.677Z
buy,9066.23,0.0015,2018-04-24T04:24:09.688Z
sell,9219.94,0.0,2018-04-24T04:24:09.730Z
buy,9126.01,0.4184,2018-04-24T04:24:09.735Z
sell,9220.19,0.5,2018-04-24T04:24:09.748Z
sell,9208.66,0.44925383,2018-04-24T04:24:09.751Z
buy,9165.01,0.0015,2018-04-24T04:24:09.759Z
sell,9208.66,0.35357861,2018-04-24T04:24:09.767Z
buy,9132.22,0.05475119,2018-04-24T04:24:09.775Z
buy,9099.23,0.0015,2018-04-24T04:24:09.782Z
sell,9220.19,0.0,2018-04-24T04:24:09.787Z
buy,9066.12,0.0,2018-04-24T04:24:09.795Z
buy,9198.02,0.0015,2018-04-24T04:24:09.809Z
sell,9219.94,0.5,2018-04-24T04:24:09.815Z
sell,9209.0,0.00207,2018-04-24T04:24:09.880Z
sell,9229.57,0.0,2018-04-24T04:24:09.889Z
sell,9232.33,0.0,2018-04-24T04:24:09.891Z
sell,9208.68,0.10800000000000001,2018-04-24T04:24:09.896Z
sell,9208.68,0.0,2018-04-24T04:24:09.898Z
sell,9229.22,1.8,2018-04-24T04:24:09.901Z
sell,9231.99,0.90599529,2018-04-24T04:24:09.906Z
buy,9165.01,0.0,2018-04-24T04:24:09.931Z
buy,9198.02,0.0,2018-04-24T04:24:09.963Z
buy,9132.22,0.05625119,2018-04-24T04:24:09.966Z
buy,9099.25,0.0015,2018-04-24T04:24:09.969Z
sell,9213.6,0.0,2018-04-24T04:24:09.979Z
buy,9099.23,0.0,2018-04-24T04:24:09.981Z
buy,9066.25,0.0015,2018-04-24T04:24:09.987Z
sell,9212.85,1.0848799999999998,2018-04-24T04:24:09.992Z
buy,9165.01,0.0015,2018-04-24T04:24:10.017Z
sell,9229.22,0.9,2018-04-24T04:24:10.018Z
sell,9233.83,0.0,2018-04-24T04:24:10.019Z
buy,9185.91,0.0,2018-04-24T04:24:10.020Z
sell,9229.19,7.35,2018-04-24T04:24:10.027Z
buy,9185.87,0.536045,2018-04-24T04:24:10.028Z
sell,9233.8,0.9,2018-04-24T04:24:10.030Z
buy,9208.64,6.96479233,2018-04-24T04:24:10.033Z
buy,9132.22,0.05475119,2018-04-24T04:24:10.034Z
buy,9198.02,0.0015,2018-04-24T04:24:10.060Z
buy,9165.01,0.0,2018-04-24T04:24:10.117Z
buy,9029.0,0.055999999999999994,2018-04-24T04:24:10.119Z
buy,9029.01,0.001,2018-04-24T04:24:10.127Z
buy,9132.22,0.05625119,2018-04-24T04:24:10.162Z
buy,9208.65,20.03038191,2018-04-24T04:24:10.164Z
buy,9205.96,0.0,2018-04-24T04:24:10.170Z
buy,9208.65,20.03170191,2018-04-24T04:24:10.175Z
sell,9231.99,0.00599529,2018-04-24T04:24:10.208Z
sell,9229.22,0.0,2018-04-24T04:24:10.209Z
sell,9229.19,8.25,2018-04-24T04:24:10.216Z
buy,9198.02,0.0,2018-04-24T04:24:10.217Z
sell,9231.96,0.9,2018-04-24T04:24:10.219Z
buy,9165.01,0.0015,2018-04-24T04:24:10.252Z
buy,9132.22,0.05475119,2018-04-24T04:24:10.306Z
buy,9198.02,0.0015,2018-04-24T04:24:10.334Z
buy,9198.02,0.0,2018-04-24T04:24:10.385Z
buy,9165.01,0.0,2018-04-24T04:24:10.403Z
buy,9132.22,0.05625119,2018-04-24T04:24:10.411Z
buy,9208.65,17.03170191,2018-04-24T04:24:10.478Z
buy,9029.01,0.0,2018-04-24T04:24:10.547Z
buy,9029.0,0.057,2018-04-24T04:24:10.553Z
buy,9066.25,0.0,2018-04-24T04:24:10.620Z
buy,9208.65,17.00470191,2018-04-24T04:24:10.665Z
buy,9198.02,0.0015,2018-04-24T04:24:10.669Z
sell,9213.0,0.001,2018-04-24T04:24:10.670Z
buy,9165.01,0.0015,2018-04-24T04:24:10.678Z
buy,9204.0,0.00248,2018-04-24T04:24:10.682Z
buy,9198.02,0.0,2018-04-24T04:24:10.724Z
buy,9099.25,0.0,2018-04-24T04:24:10.746Z
buy,9165.01,0.0,2018-04-24T04:24:10.753Z
buy,9132.22,0.05475119,2018-04-24T04:24:10.755Z
buy,9066.25,0.0015,2018-04-24T04:24:10.758Z
buy,9208.65,19.00470191,2018-04-24T04:24:10.814Z
buy,9198.02,0.0015,2018-04-24T04:24:10.815Z
buy,9126.01,0.36403,2018-04-24T04:24:10.830Z
buy,9099.25,0.0015,2018-04-24T04:24:10.832Z
buy,9126.01,0.27489,2018-04-24T04:24:10.833Z
buy,9066.25,0.0,2018-04-24T04:24:10.835Z
buy,9126.01,0.15964,2018-04-24T04:24:10.838Z
buy,9198.25,0.01,2018-04-24T04:24:10.839Z
buy,9066.27,0.0015,2018-04-24T04:24:10.847Z
buy,9126.01,0.21793,2018-04-24T04:24:10.862Z
buy,9198.01,0.0,2018-04-24T04:24:10.959Z
buy,9198.25,0.0,2018-04-24T04:24:10.963Z
buy,9198.26,0.015,2018-04-24T04:24:10.965Z
buy,9198.02,0.0,2018-04-24T04:24:11.046Z
buy,9132.22,0.05625119,2018-04-24T04:24:11.053Z
buy,9165.01,0.0015,2018-04-24T04:24:11.061Z
buy,9198.26,0.0,2018-04-24T04:24:11.080Z
buy,9099.27,0.0015,2018-04-24T04:24:11.087Z
buy,9197.63,2.3609999999999998,2018-04-24T04:24:11.089Z
buy,9208.65,17.00470191,2018-04-24T04:24:11.099Z
buy,9028.99,0.0,2018-04-24T04:24:11.108Z
buy,9029.01,0.001,2018-04-24T04:24:11.114Z
buy,9066.27,0.0,2018-04-24T04:24:11.117Z
buy,9197.63,2.346,2018-04-24T04:24:11.196Z
buy,9198.26,0.0015,2018-04-24T04:24:11.208Z
buy,9099.27,0.0,2018-04-24T04:24:11.215Z
buy,9165.01,0.0,2018-04-24T04:24:11.216Z
buy,9132.22,0.05475119,2018-04-24T04:24:11.217Z
buy,9099.25,0.0,2018-04-24T04:24:11.220Z
buy,9199.04,0.01,2018-04-24T04:24:11.292Z
buy,8951.45,0.1,2018-04-24T04:24:11.294Z
buy,9198.27,0.0015,2018-04-24T04:24:11.299Z
buy,9198.01,0.015,2018-04-24T04:24:11.303Z
buy,9208.65,19.00470191,2018-04-24T04:24:11.306Z
buy,9198.26,0.0,2018-04-24T04:24:11.341Z
buy,9066.27,0.0015,2018-04-24T04:24:11.347Z
buy,9197.63,2.3475,2018-04-24T04:24:11.350Z
buy,9199.04,0.0,2018-04-24T04:24:11.354Z
buy,9198.27,0.0,2018-04-24T04:24:11.364Z
buy,9165.01,0.0015,2018-04-24T04:24:11.370Z
buy,9132.22,0.05625119,2018-04-24T04:24:11.374Z
buy,9197.63,2.346,2018-04-24T04:24:11.401Z
buy,9128.04,0.0,2018-04-24T04:24:11.413Z
buy,9099.27,0.0015,2018-04-24T04:24:11.417Z
buy,9208.65,17.00470191,2018-04-24T04:24:11.420Z
buy,9171.93,0.0196,2018-04-24T04:24:11.423Z
buy,9198.01,0.0,2018-04-24T04:24:11.430Z
buy,9198.02,0.0015,2018-04-24T04:24:11.433Z
buy,9198.28,0.015,2018-04-24T04:24:11.440Z
buy,9208.65,41.30470191,2018-04-24T04:24:11.475Z
buy,9198.28,0.0,2018-04-24T04:24:11.527Z
buy,9198.02,0.0,2018-04-24T04:24:11.583Z
buy,9198.01,0.015,2018-04-24T04:24:11.605Z
buy,9198.8,0.01,2018-04-24T04:24:11.607Z
buy,9197.63,2.3475,2018-04-24T04:24:11.612Z
buy,9165.01,0.0,2018-04-24T04:24:11.637Z
buy,9198.8,0.0,2018-04-24T04:24:11.648Z
buy,9198.01,0.0,2018-04-24T04:24:11.711Z
buy,9198.02,0.0015,2018-04-24T04:24:11.794Z
buy,9198.02,0.0165,2018-04-24T04:24:11.796Z
buy,9197.63,2.346,2018-04-24T04:24:11.833Z
buy,9198.02,0.015,2018-04-24T04:24:11.835Z
buy,9165.01,0.0015,2018-04-24T04:24:11.841Z
buy,9029.0,0.055999999999999994,2018-04-24T04:24:11.885Z
buy,9199.31,0.01,2018-04-24T04:24:11.889Z
buy,9029.01,0.0,2018-04-24T04:24:11.891Z
buy,9198.02,0.0,2018-04-24T04:24:11.895Z
buy,9028.99,0.001,2018-04-24T04:24:11.897Z
buy,9198.03,0.015,2018-04-24T04:24:11.902Z
buy,9199.31,0.0,2018-04-24T04:24:11.919Z
sell,9220.0,7.005,2018-04-24T04:24:11.956Z
buy,9208.65,43.30470191,2018-04-24T04:24:11.976Z
buy,9132.22,0.05475119,2018-04-24T04:24:11.986Z
buy,9198.03,0.0,2018-04-24T04:24:12.000Z
buy,9165.01,0.0,2018-04-24T04:24:12.009Z
buy,9197.63,2.3609999999999998,2018-04-24T04:24:12.011Z
buy,9099.27,0.0,2018-04-24T04:24:12.013Z
buy,9066.28,0.0015,2018-04-24T04:24:12.017Z
buy,9099.28,0.0015,2018-04-24T04:24:12.019Z
buy,9198.03,0.0015,2018-04-24T04:24:12.037Z
buy,9066.27,0.0,2018-04-24T04:24:12.077Z
buy,9197.63,2.3625,2018-04-24T04:24:12.096Z
buy,9198.03,0.0,2018-04-24T04:24:12.109Z
buy,9197.63,2.3475,2018-04-24T04:24:12.112Z
buy,9165.01,0.0015,2018-04-24T04:24:12.122Z
buy,9198.01,0.015,2018-04-24T04:24:12.126Z
buy,9132.22,0.05625119,2018-04-24T04:24:12.128Z
buy,9208.65,41.30470191,2018-04-24T04:24:12.165Z
buy,9198.04,0.0015,2018-04-24T04:24:12.169Z
buy,9198.01,0.0,2018-04-24T04:24:12.204Z
buy,9197.63,2.3625,2018-04-24T04:24:12.235Z
buy,9198.96,0.01,2018-04-24T04:24:12.236Z
buy,9028.99,0.0,2018-04-24T04:24:12.253Z
buy,9208.64,6.95379233,2018-04-24T04:24:12.256Z
buy,9029.0,0.057,2018-04-24T04:24:12.257Z
buy,9198.96,0.0,2018-04-24T04:24:12.317Z
buy,9198.04,0.0,2018-04-24T04:24:12.319Z
buy,9198.02,0.0015,2018-04-24T04:24:12.331Z
buy,9204.0,0.001,2018-04-24T04:24:12.339Z
buy,9156.01,0.01,2018-04-24T04:24:12.346Z
buy,9198.94,0.01,2018-04-24T04:24:12.590Z
buy,9029.01,0.001,2018-04-24T04:24:12.670Z
buy,9198.94,0.0,2018-04-24T04:24:12.674Z
sell,9289.99,1.011,2018-04-24T04:24:12.712Z
buy,9171.93,0.0,2018-04-24T04:24:12.717Z
sell,9334.65,0.13392,2018-04-24T04:24:12.732Z
buy,9128.04,0.0197,2018-04-24T04:24:12.735Z
buy,9126.01,0.23878000000000002,2018-04-24T04:24:12.742Z
sell,9208.66,0.35249164,2018-04-24T04:24:12.780Z
sell,9208.7,0.025,2018-04-24T04:24:12.872Z
sell,9208.76,0.10800000000000001,2018-04-24T04:24:12.874Z
buy,9199.41,0.01,2018-04-24T04:24:12.916Z
buy,9208.65,41.30338191,2018-04-24T04:24:13.029Z
buy,9126.01,0.21793,2018-04-24T04:24:13.030Z
buy,9208.65,41.30519191,2018-04-24T04:24:13.033Z
buy,9204.0,0.0025399999999999997,2018-04-24T04:24:13.039Z
buy,9126.01,0.22179000000000001,2018-04-24T04:24:13.053Z
buy,9164.08,0.001,2018-04-24T04:24:13.090Z
buy,9208.65,41.42251165,2018-04-24T04:24:13.190Z
buy,9208.6,1.21412688,2018-04-24T04:24:13.216Z
buy,9199.41,0.0,2018-04-24T04:24:13.220Z
sell,9212.0,0.001,2018-04-24T04:24:13.339Z
buy,9029.01,0.0,2018-04-24T04:24:13.356Z
sell,9208.76,0.0,2018-04-24T04:24:13.366Z
sell,9208.67,0.10800000000000001,2018-04-24T04:24:13.378Z
buy,9030.59,0.001,2018-04-24T04:24:13.400Z
buy,9132.22,0.05475119,2018-04-24T04:24:13.415Z
buy,9197.63,2.3609999999999998,2018-04-24T04:24:13.437Z
buy,9099.28,0.0,2018-04-24T04:24:13.439Z
buy,9198.02,0.0,2018-04-24T04:24:13.440Z
buy,9165.01,0.0,2018-04-24T04:24:13.444Z
sell,9208.67,0.0,2018-04-24T04:24:13.445Z
buy,9099.3,0.0015,2018-04-24T04:24:13.447Z
buy,9066.3,0.0015,2018-04-24T04:24:13.449Z
buy,9132.22,0.05625119,2018-04-24T04:24:13.469Z
buy,9197.63,2.3625,2018-04-24T04:24:13.511Z
buy,9132.22,0.05475119,2018-04-24T04:24:13.554Z
buy,9030.58,0.001,2018-04-24T04:24:13.570Z
buy,9165.01,0.0015,2018-04-24T04:24:13.576Z
sell,9212.0,0.00267,2018-04-24T04:24:13.607Z
buy,9197.63,2.3609999999999998,2018-04-24T04:24:13.626Z
sell,9212.92,0.0,2018-04-24T04:24:13.647Z
buy,9132.22,0.05625119,2018-04-24T04:24:13.657Z
sell,9217.21,0.6955,2018-04-24T04:24:13.671Z
buy,9208.64,6.79202414,2018-04-24T04:24:13.697Z
buy,9132.22,0.05475119,2018-04-24T04:24:13.700Z
buy,9197.63,2.3625,2018-04-24T04:24:13.726Z
buy,9197.63,2.3609999999999998,2018-04-24T04:24:13.781Z
buy,9165.01,0.0,2018-04-24T04:24:13.802Z
buy,9132.22,0.05625119,2018-04-24T04:24:13.818Z
buy,9066.23,0.0,2018-04-24T04:24:13.854Z
buy,9197.63,2.3625,2018-04-24T04:24:13.871Z
sell,9246.48,3.5,2018-04-24T04:24:13.872Z
buy,9132.22,0.05475119,2018-04-24T04:24:13.890Z
buy,9165.01,0.0015,2018-04-24T04:24:13.918Z
buy,9208.64,6.65702414,2018-04-24T04:24:13.928Z
sell,9212.29,5.88,2018-04-24T04:24:13.999Z
sell,9217.21,0.0,2018-04-24T04:24:14.003Z
buy,9185.87,0.0,2018-04-24T04:24:14.006Z
sell,9231.96,0.0,2018-04-24T04:24:14.007Z
sell,9233.8,0.0,2018-04-24T04:24:14.009Z
sell,9229.19,7.35,2018-04-24T04:24:14.010Z
sell,9229.19,6.45,2018-04-24T04:24:14.014Z
sell,9231.68,0.9,2018-04-24T04:24:14.023Z
buy,9185.59,0.536045,2018-04-24T04:24:14.024Z
sell,9228.91,0.9,2018-04-24T04:24:14.026Z
sell,9228.91,1.8,2018-04-24T04:24:14.035Z
sell,9233.52,0.9,2018-04-24T04:24:14.045Z
buy,9165.01,0.0,2018-04-24T04:24:14.077Z
buy,9197.63,2.3609999999999998,2018-04-24T04:24:14.092Z
buy,9208.65,41.33251165,2018-04-24T04:24:14.094Z
buy,9132.22,0.05625119,2018-04-24T04:24:14.122Z
buy,9099.32,0.0015,2018-04-24T04:24:14.123Z
buy,9099.3,0.0,2018-04-24T04:24:14.135Z
buy,9208.65,41.23251165,2018-04-24T04:24:14.136Z
buy,9066.32,0.0015,2018-04-24T04:24:14.138Z
buy,9165.01,0.0015,2018-04-24T04:24:14.147Z
sell,9246.48,0.0,2018-04-24T04:24:14.169Z
buy,9200.01,0.01,2018-04-24T04:24:14.174Z
buy,9066.32,0.0,2018-04-24T04:24:14.182Z
buy,9197.63,2.3625,2018-04-24T04:24:14.203Z
buy,9099.32,0.0,2018-04-24T04:24:14.219Z
buy,9132.22,0.05475119,2018-04-24T04:24:14.221Z
buy,9165.01,0.0,2018-04-24T04:24:14.227Z
buy,9066.32,0.0015,2018-04-24T04:24:14.232Z
buy,9197.63,2.3609999999999998,2018-04-24T04:24:14.269Z
sell,9219.94,0.0,2018-04-24T04:24:14.294Z
buy,9099.32,0.0015,2018-04-24T04:24:14.299Z
sell,9219.94,0.5,2018-04-24T04:24:14.310Z
buy,9208.6,1.2070100000000001,2018-04-24T04:24:14.313Z
buy,9066.22,0.0,2018-04-24T04:24:14.328Z
sell,9212.29,0.0,2018-04-24T04:24:14.331Z
buy,9185.59,0.0,2018-04-24T04:24:14.338Z
sell,9228.91,0.9,2018-04-24T04:24:14.339Z
sell,9233.52,0.0,2018-04-24T04:24:14.340Z
sell,9228.91,0.0,2018-04-24T04:24:14.341Z
sell,9231.68,0.0,2018-04-24T04:24:14.342Z
sell,9231.96,0.9,2018-04-24T04:24:14.344Z
sell,9229.19,7.35,2018-04-24T04:24:14.346Z
sell,9229.19,8.25,2018-04-24T04:24:14.360Z
sell,9217.21,0.6955,2018-04-24T04:24:14.361Z
sell,9233.8,0.9,2018-04-24T04:24:14.363Z
buy,9185.87,0.536045,2018-04-24T04:24:14.364Z
buy,9132.22,0.05625119,2018-04-24T04:24:14.371Z
buy,9197.63,2.3625,2018-04-24T04:24:14.372Z
buy,9198.56,0.01,2018-04-24T04:24:14.374Z
buy,9099.32,0.0,2018-04-24T04:24:14.381Z
buy,9165.01,0.0015,2018-04-24T04:24:14.390Z
buy,9125.0,0.8372864,2018-04-24T04:24:14.469Z
buy,9198.56,0.0,2018-04-24T04:24:14.472Z
buy,9197.63,2.3475,2018-04-24T04:24:14.473Z
buy,9198.57,0.015,2018-04-24T04:24:14.481Z
sell,9246.5,4.4,2018-04-24T04:24:14.485Z
buy,9197.63,2.346,2018-04-24T04:24:14.519Z
buy,9132.22,0.05475119,2018-04-24T04:24:14.520Z
buy,9165.01,0.0,2018-04-24T04:24:14.521Z
buy,9099.32,0.0015,2018-04-24T04:24:14.526Z
buy,9198.57,0.0,2018-04-24T04:24:14.570Z
buy,9197.63,2.3609999999999998,2018-04-24T04:24:14.581Z
buy,9099.32,0.0,2018-04-24T04:24:14.618Z
buy,9165.01,0.0015,2018-04-24T04:24:14.648Z
buy,9197.63,2.3625,2018-04-24T04:24:14.651Z
buy,9132.22,0.05625119,2018-04-24T04:24:14.653Z
buy,9030.58,0.0,2018-04-24T04:24:14.666Z
buy,9030.6,0.001,2018-04-24T04:24:14.672Z
buy,9066.11,0.0,2018-04-24T04:24:14.684Z
buy,9208.64,5.71831428,2018-04-24T04:24:14.696Z
buy,9099.32,0.0015,2018-04-24T04:24:14.711Z
buy,9208.61,0.00711688,2018-04-24T04:24:15.090Z
buy,9204.0,0.001,2018-04-24T04:24:15.145Z
buy,9208.5,0.00372,2018-04-24T04:24:15.163Z
sell,9217.21,0.0,2018-04-24T04:24:15.180Z
buy,9132.22,0.05475119,2018-04-24T04:24:15.191Z
buy,9197.63,2.3609999999999998,2018-04-24T04:24:15.212Z
buy,9165.01,0.0,2018-04-24T04:24:15.213Z
buy,9099.33,0.0015,2018-04-24T04:24:15.220Z
buy,9099.32,0.0,2018-04-24T04:24:15.232Z
buy,9066.33,0.0015,2018-04-24T04:24:15.239Z
buy,9132.22,0.05625119,2018-04-24T04:24:15.292Z
buy,9099.33,0.0,2018-04-24T04:24:15.309Z
buy,9197.63,2.3625,2018-04-24T04:24:15.317Z
sell,9229.0,0.10099999999999999,2018-04-24T04:24:15.332Z
buy,9165.01,0.0015,2018-04-24T04:24:15.365Z
buy,9030.6,0.0,2018-04-24T04:24:15.367Z
buy,9030.59,0.0,2018-04-24T04:24:15.396Z
buy,9030.58,0.001,2018-04-24T04:24:15.405Z
buy,9132.22,0.05475119,2018-04-24T04:24:15.446Z
buy,9197.63,2.3609999999999998,2018-04-24T04:24:15.465Z
buy,9165.01,0.0,2018-04-24T04:24:15.468Z
buy,9099.33,0.0015,2018-04-24T04:24:15.509Z
buy,8951.45,0.0,2018-04-24T04:24:15.513Z
buy,8950.62,0.1,2018-04-24T04:24:15.518Z
buy,9199.09,0.01,2018-04-24T04:24:15.526Z
buy,9066.33,0.0,2018-04-24T04:24:15.550Z
buy,9132.22,0.05625119,2018-04-24T04:24:15.570Z
buy,9099.33,0.0,2018-04-24T04:24:15.593Z
buy,9165.01,0.0015,2018-04-24T04:24:15.605Z
buy,8329.34,0.02222396,2018-04-24T04:24:15.620Z
buy,9197.63,2.3625,2018-04-24T04:24:15.625Z
buy,9132.22,0.05475119,2018-04-24T04:24:15.642Z
buy,9099.33,0.0015,2018-04-24T04:24:15.657Z
buy,9066.33,0.0015,2018-04-24T04:24:15.661Z
buy,9126.01,0.21793,2018-04-24T04:24:15.769Z
buy,9126.01,0.15984,2018-04-24T04:24:15.770Z
buy,9126.01,0.10155,2018-04-24T04:24:15.771Z
buy,9126.01,0.14770999999999998,2018-04-24T04:24:15.774Z
buy,9199.09,0.0,2018-04-24T04:24:15.781Z
buy,9198.62,0.01,2018-04-24T04:24:15.794Z
buy,9197.63,2.3609999999999998,2018-04-24T04:24:15.800Z
buy,9165.01,0.0,2018-04-24T04:24:15.821Z
buy,9132.22,0.05625119,2018-04-24T04:24:15.830Z
buy,9198.62,0.0,2018-04-24T04:24:15.844Z
buy,9066.33,0.0,2018-04-24T04:24:15.854Z
buy,9197.63,2.3625,2018-04-24T04:24:15.882Z
buy,9197.63,2.3475,2018-04-24T04:24:15.894Z
buy,9198.63,0.015,2018-04-24T04:24:15.900Z
buy,9132.22,0.05475119,2018-04-24T04:24:15.906Z
buy,9165.01,0.0015,2018-04-24T04:24:15.936Z
buy,9197.63,2.346,2018-04-24T04:24:15.954Z
sell,9208.7,0.09219034,2018-04-24T04:24:15.972Z
buy,9132.22,0.05625119,2018-04-24T04:24:15.983Z
buy,9099.33,0.0,2018-04-24T04:24:16.011Z
buy,9066.33,0.0015,2018-04-24T04:24:16.016Z
buy,9198.63,0.0,2018-04-24T04:24:16.017Z
buy,9198.01,0.015,2018-04-24T04:24:16.045Z
buy,9132.22,0.05475119,2018-04-24T04:24:16.046Z
buy,9165.01,0.0,2018-04-24T04:24:16.053Z
buy,9066.35,0.0015,2018-04-24T04:24:16.061Z
buy,9198.01,0.0,2018-04-24T04:24:16.108Z
buy,9198.63,0.015,2018-04-24T04:24:16.119Z
buy,9198.57,0.01,2018-04-24T04:24:16.152Z
buy,9198.57,0.0,2018-04-24T04:24:16.183Z
buy,9198.63,0.0,2018-04-24T04:24:16.204Z
buy,9197.63,2.3609999999999998,2018-04-24T04:24:16.225Z
buy,9178.26,0.0,2018-04-24T04:24:16.252Z
buy,8950.83,0.1,2018-04-24T04:24:16.262Z
buy,9066.33,0.0,2018-04-24T04:24:16.270Z
buy,9185.51,1.8,2018-04-24T04:24:16.277Z
buy,9197.63,2.3625,2018-04-24T04:24:16.282Z
buy,9165.01,0.0015,2018-04-24T04:24:16.286Z
buy,9099.35,0.0015,2018-04-24T04:24:16.309Z
buy,9132.22,0.05625119,2018-04-24T04:24:16.310Z
buy,9198.81,0.01,2018-04-24T04:24:16.515Z
buy,8948.88,0.0,2018-04-24T04:24:16.543Z
buy,9198.81,0.0,2018-04-24T04:24:16.710Z
buy,9198.83,0.01,2018-04-24T04:24:16.824Z
buy,9030.58,0.0,2018-04-24T04:24:16.997Z
buy,9030.6,0.001,2018-04-24T04:24:17.009Z
buy,9198.83,0.0,2018-04-24T04:24:17.021Z
buy,9197.63,2.3609999999999998,2018-04-24T04:24:17.067Z
buy,9200.0,18.1918557,2018-04-24T04:24:17.080Z
buy,9132.22,0.05475119,2018-04-24T04:24:17.088Z
buy,9165.01,0.0,2018-04-24T04:24:17.089Z
buy,9099.36,0.0015,2018-04-24T04:24:17.095Z
buy,9099.35,0.0,2018-04-24T04:24:17.211Z
buy,9066.36,0.0015,2018-04-24T04:24:17.241Z
buy,9030.59,0.001,2018-04-24T04:24:17.250Z
buy,9099.36,0.0,2018-04-24T04:24:17.280Z
buy,9197.63,2.3625,2018-04-24T04:24:17.285Z
buy,9165.01,0.0015,2018-04-24T04:24:17.287Z
buy,9132.22,0.05625119,2018-04-24T04:24:17.299Z
buy,9165.01,0.0,2018-04-24T04:24:17.327Z
buy,9197.63,2.3609999999999998,2018-04-24T04:24:17.337Z
buy,9099.36,0.0015,2018-04-24T04:24:17.354Z
buy,9165.01,0.0015,2018-04-24T04:24:17.401Z
buy,9030.6,0.0,2018-04-24T04:24:17.491Z
buy,9030.58,0.001,2018-04-24T04:24:17.498Z
buy,9165.01,0.0,2018-04-24T04:24:17.523Z
buy,9197.63,2.3625,2018-04-24T04:24:17.582Z
buy,9194.0,0.001,2018-04-24T04:24:17.738Z
buy,9208.65,43.23251165,2018-04-24T04:24:17.741Z
buy,8932.38,0.0653,2018-04-24T04:24:17.783Z
buy,8932.38,0.0632,2018-04-24T04:24:17.784Z
buy,8932.38,0.0622,2018-04-24T04:24:17.786Z
buy,8932.38,0.0609,2018-04-24T04:24:17.786Z
buy,8932.38,0.0599,2018-04-24T04:24:17.787Z
buy,8884.49,0.0,2018-04-24T04:24:17.788Z
buy,8932.38,0.0553,2018-04-24T04:24:17.789Z
buy,8932.38,0.054000000000000006,2018-04-24T04:24:17.789Z
buy,8932.38,0.0509,2018-04-24T04:24:17.790Z
buy,8932.38,0.0499,2018-04-24T04:24:17.791Z
buy,8932.38,0.0486,2018-04-24T04:24:17.791Z
buy,8932.38,0.0476,2018-04-24T04:24:17.792Z
buy,8932.38,0.0466,2018-04-24T04:24:17.793Z
buy,8932.38,0.043,2018-04-24T04:24:17.794Z
buy,8932.38,0.042,2018-04-24T04:24:17.795Z
buy,8932.38,0.0323,2018-04-24T04:24:17.796Z
buy,8932.38,0.0187,2018-04-24T04:24:17.830Z
buy,8932.38,0.0125,2018-04-24T04:24:17.831Z
buy,8932.38,0.0107,2018-04-24T04:24:17.833Z
buy,8932.38,0.0083,2018-04-24T04:24:17.834Z
buy,8932.38,0.001,2018-04-24T04:24:17.835Z
buy,8932.38,0.0,2018-04-24T04:24:17.836Z
buy,9197.63,2.3609999999999998,2018-04-24T04:24:17.837Z
buy,9208.64,5.66947428,2018-04-24T04:24:17.872Z
buy,9165.01,0.0015,2018-04-24T04:24:17.873Z
buy,9030.59,0.0,2018-04-24T04:24:18.064Z
buy,9208.65,41.23251165,2018-04-24T04:24:18.072Z
buy,9030.6,0.001,2018-04-24T04:24:18.074Z
buy,9066.36,0.0,2018-04-24T04:24:18.080Z
buy,9197.63,2.3625,2018-04-24T04:24:18.110Z
buy,9165.01,0.0,2018-04-24T04:24:18.237Z
buy,9126.01,0.15288,2018-04-24T04:24:18.250Z
buy,9132.22,0.05475119,2018-04-24T04:24:18.262Z
buy,9099.36,0.0,2018-04-24T04:24:18.266Z
buy,9197.63,2.3609999999999998,2018-04-24T04:24:18.268Z
buy,9099.38,0.0015,2018-04-24T04:24:18.277Z
buy,9066.38,0.0015,2018-04-24T04:24:18.295Z
buy,9099.38,0.0,2018-04-24T04:24:18.353Z
buy,8932.39,0.0024,2018-04-24T04:24:18.362Z
buy,9165.01,0.0015,2018-04-24T04:24:18.364Z
buy,9132.22,0.05625119,2018-04-24T04:24:18.366Z
buy,8932.39,0.0034,2018-04-24T04:24:18.370Z
buy,9066.35,0.0,2018-04-24T04:24:18.390Z
buy,9197.95,0.01,2018-04-24T04:24:18.422Z
buy,9197.63,2.3625,2018-04-24T04:24:18.424Z
buy,9099.38,0.0015,2018-04-24T04:24:18.451Z
buy,9197.95,0.0,2018-04-24T04:24:18.474Z
buy,9197.63,2.3609999999999998,2018-04-24T04:24:18.515Z
buy,9197.96,0.0015,2018-04-24T04:24:18.518Z
buy,9208.65,41.24351165,2018-04-24T04:24:18.538Z
buy,9197.96,0.0,2018-04-24T04:24:18.548Z
sell,9217.21,0.6955,2018-04-24T04:24:18.561Z
buy,9197.63,2.3625,2018-04-24T04:24:18.578Z
buy,9197.86,0.01,2018-04-24T04:24:18.622Z
buy,9208.65,41.34351165,2018-04-24T04:24:18.647Z
buy,9165.01,0.0,2018-04-24T04:24:18.649Z
buy,9197.63,2.3475,2018-04-24T04:24:18.671Z
sell,9217.21,0.0,2018-04-24T04:24:18.703Z
buy,9197.96,0.015,2018-04-24T04:24:18.707Z
buy,9197.87,0.0015,2018-04-24T04:24:18.708Z
buy,9197.63,2.346,2018-04-24T04:24:18.715Z
buy,9165.01,0.0015,2018-04-24T04:24:18.723Z
buy,9197.87,0.0,2018-04-24T04:24:18.740Z
buy,9197.96,0.0165,2018-04-24T04:24:18.783Z
buy,9197.96,0.0015,2018-04-24T04:24:18.787Z
buy,9197.87,0.015,2018-04-24T04:24:18.790Z
sell,9217.21,0.6955,2018-04-24T04:24:18.798Z
buy,8932.39,0.0044,2018-04-24T04:24:18.880Z
buy,8932.39,0.0065,2018-04-24T04:24:18.882Z
buy,8932.39,0.0078,2018-04-24T04:24:18.884Z
buy,8932.39,0.0214,2018-04-24T04:24:18.888Z
buy,8932.39,0.0224,2018-04-24T04:24:18.890Z
buy,8932.39,0.026000000000000002,2018-04-24T04:24:18.891Z
buy,8932.39,0.0273,2018-04-24T04:24:18.896Z
buy,8932.39,0.0335,2018-04-24T04:24:18.901Z
buy,8932.39,0.0345,2018-04-24T04:24:18.903Z
buy,8932.39,0.0355,2018-04-24T04:24:18.908Z
buy,8932.39,0.0368,2018-04-24T04:24:18.911Z
buy,8932.39,0.0378,2018-04-24T04:24:18.912Z
buy,8932.39,0.0388,2018-04-24T04:24:18.914Z
buy,8932.39,0.0461,2018-04-24T04:24:18.917Z
buy,9197.96,0.0,2018-04-24T04:24:18.947Z
buy,9197.88,0.0015,2018-04-24T04:24:18.967Z
buy,9197.86,0.0,2018-04-24T04:24:18.971Z
buy,9197.99,0.01,2018-04-24T04:24:18.978Z
buy,9030.6,0.0,2018-04-24T04:24:18.982Z
buy,9030.59,0.001,2018-04-24T04:24:19.014Z
buy,9197.87,0.0,2018-04-24T04:24:19.047Z
buy,9197.99,0.0,2018-04-24T04:24:19.052Z
buy,9197.88,0.0165,2018-04-24T04:24:19.055Z
buy,9197.88,0.015,2018-04-24T04:24:19.107Z
buy,9197.63,2.3475,2018-04-24T04:24:19.137Z
buy,9197.88,0.0,2018-04-24T04:24:19.140Z
buy,9198.0,0.016,2018-04-24T04:24:19.146Z
buy,9099.38,0.0,2018-04-24T04:24:19.315Z
buy,9132.22,0.05475119,2018-04-24T04:24:19.317Z
buy,9197.63,2.346,2018-04-24T04:24:19.317Z
buy,9165.01,0.0,2018-04-24T04:24:19.318Z
buy,9066.4,0.0015,2018-04-24T04:24:19.320Z
buy,9099.4,0.0015,2018-04-24T04:24:19.322Z
sell,9229.19,7.35,2018-04-24T04:24:19.354Z
sell,9233.8,0.0,2018-04-24T04:24:19.355Z
buy,9185.87,0.0,2018-04-24T04:24:19.356Z
buy,9185.87,0.536045,2018-04-24T04:24:19.375Z
sell,9229.19,8.25,2018-04-24T04:24:19.379Z
buy,9066.38,0.0,2018-04-24T04:24:19.380Z
buy,9099.4,0.0,2018-04-24T04:24:19.400Z
sell,9233.8,0.9,2018-04-24T04:24:19.404Z
buy,8932.39,0.0492,2018-04-24T04:24:19.407Z
buy,8932.39,0.0631,2018-04-24T04:24:19.409Z
buy,9132.22,0.05625119,2018-04-24T04:24:19.410Z
buy,8932.39,0.0677,2018-04-24T04:24:19.413Z
buy,9198.01,0.0015,2018-04-24T04:24:19.415Z
buy,9066.4,0.0,2018-04-24T04:24:19.456Z
buy,9165.01,0.0015,2018-04-24T04:24:19.464Z
buy,9099.4,0.0015,2018-04-24T04:24:19.485Z
buy,9198.0,0.001,2018-04-24T04:24:19.513Z
buy,9197.63,2.3609999999999998,2018-04-24T04:24:19.525Z
sell,9231.96,0.0,2018-04-24T04:24:19.532Z
sell,9229.19,7.35,2018-04-24T04:24:19.533Z
buy,9132.22,0.05475119,2018-04-24T04:24:19.538Z
buy,9165.01,0.0,2018-04-24T04:24:19.539Z
buy,9198.01,0.0,2018-04-24T04:24:19.542Z
buy,9066.4,0.0015,2018-04-24T04:24:19.553Z
sell,9231.96,0.9,2018-04-24T04:24:19.556Z
sell,9229.19,8.25,2018-04-24T04:24:19.558Z
buy,9197.63,2.3625,2018-04-24T04:24:19.616Z
buy,9132.22,0.05625119,2018-04-24T04:24:19.628Z
buy,9197.63,2.3609999999999998,2018-04-24T04:24:19.657Z
buy,9165.01,0.0015,2018-04-24T04:24:19.677Z
buy,9030.58,0.0,2018-04-24T04:24:19.714Z
buy,9030.6,0.001,2018-04-24T04:24:19.749Z
sell,9217.21,0.0,2018-04-24T04:24:19.795Z
buy,9099.4,0.0,2018-04-24T04:24:19.825Z
buy,9197.63,2.3625,2018-04-24T04:24:19.852Z
buy,9208.65,41.43351165,2018-04-24T04:24:19.911Z
buy,9197.63,2.3475,2018-04-24T04:24:19.916Z
buy,9198.01,0.015,2018-04-24T04:24:19.959Z
buy,9197.63,2.346,2018-04-24T04:24:19.960Z
buy,9165.01,0.0,2018-04-24T04:24:19.966Z
buy,9132.22,0.05475119,2018-04-24T04:24:19.974Z
buy,9099.4,0.0015,2018-04-24T04:24:19.976Z
buy,9198.02,0.0015,2018-04-24T04:24:19.980Z
buy,9099.4,0.0,2018-04-24T04:24:20.038Z
buy,9132.22,0.05625119,2018-04-24T04:24:20.044Z
buy,9126.01,0.14770999999999998,2018-04-24T04:24:20.049Z
buy,9198.02,0.0,2018-04-24T04:24:20.054Z
buy,9165.01,0.0015,2018-04-24T04:24:20.098Z
buy,9197.23,0.01,2018-04-24T04:24:20.108Z
buy,9198.01,0.0,2018-04-24T04:24:20.143Z
buy,9066.28,0.0,2018-04-24T04:24:20.153Z
buy,9099.4,0.0015,2018-04-24T04:24:20.174Z
buy,9197.63,2.3609999999999998,2018-04-24T04:24:20.176Z
buy,9198.02,0.0015,2018-04-24T04:24:20.179Z
buy,9197.23,0.0,2018-04-24T04:24:20.180Z
buy,9197.26,0.01,2018-04-24T04:24:20.184Z
sell,10420.0,0.02886381,2018-04-24T04:24:20.253Z
buy,9198.02,0.0,2018-04-24T04:24:20.266Z
buy,9132.22,0.05475119,2018-04-24T04:24:20.288Z
buy,9099.4,0.0,2018-04-24T04:24:20.289Z
buy,9165.01,0.0,2018-04-24T04:24:20.290Z
buy,9099.41,0.0015,2018-04-24T04:24:20.295Z
buy,9197.63,2.3625,2018-04-24T04:24:20.323Z
buy,9066.41,0.0015,2018-04-24T04:24:20.325Z
sell,9208.66,0.35460891,2018-04-24T04:24:20.327Z
sell,9217.21,0.6955,2018-04-24T04:24:20.331Z
sell,9208.81,0.10800000000000001,2018-04-24T04:24:20.333Z
buy,9132.22,0.05625119,2018-04-24T04:24:20.396Z
buy,9197.63,2.3609999999999998,2018-04-24T04:24:20.408Z
buy,9165.01,0.0015,2018-04-24T04:24:20.434Z
buy,9197.63,2.346,2018-04-24T04:24:20.552Z
sell,9800.0,28.85188741,2018-04-24T04:24:20.555Z
buy,9198.01,0.015,2018-04-24T04:24:20.568Z
buy,9132.22,0.05475119,2018-04-24T04:24:20.591Z
buy,9197.63,2.3475,2018-04-24T04:24:20.621Z
buy,9165.01,0.0,2018-04-24T04:24:20.628Z
buy,9132.22,0.05625119,2018-04-24T04:24:20.636Z
buy,9208.65,41.53351165,2018-04-24T04:24:20.641Z
buy,9197.63,2.346,2018-04-24T04:24:20.673Z
sell,9212.0,0.001,2018-04-24T04:24:20.679Z
buy,9198.02,0.0015,2018-04-24T04:24:20.692Z
buy,9030.59,0.0,2018-04-24T04:24:20.722Z
buy,9197.26,0.0,2018-04-24T04:24:20.731Z
buy,9196.91,0.01,2018-04-24T04:24:20.744Z
buy,9030.6,0.0,2018-04-24T04:24:20.774Z
buy,9198.02,0.0,2018-04-24T04:24:20.775Z
buy,9030.58,0.001,2018-04-24T04:24:20.776Z
buy,9165.01,0.0015,2018-04-24T04:24:20.805Z
sell,9208.81,0.0,2018-04-24T04:24:20.825Z
buy,9099.41,0.0,2018-04-24T04:24:20.833Z
buy,9196.91,0.0,2018-04-24T04:24:20.840Z
sell,9208.67,0.10800000000000001,2018-04-24T04:24:20.845Z
sell,9208.67,0.0,2018-04-24T04:24:20.848Z
buy,9198.02,0.0015,2018-04-24T04:24:20.852Z
buy,9165.01,0.0,2018-04-24T04:24:20.872Z
buy,9171.46,0.0,2018-04-24T04:24:20.895Z
buy,9132.22,0.05475119,2018-04-24T04:24:20.899Z
buy,9099.41,0.0015,2018-04-24T04:24:20.902Z
sell,9212.0,0.0027199999999999998,2018-04-24T04:24:20.942Z
buy,9198.02,0.0,2018-04-24T04:24:20.969Z
buy,9165.01,0.0015,2018-04-24T04:24:20.999Z
buy,9132.22,0.05625119,2018-04-24T04:24:21.002Z
buy,9099.41,0.0,2018-04-24T04:24:21.035Z
buy,9198.02,0.0015,2018-04-24T04:24:21.057Z
buy,9165.01,0.0,2018-04-24T04:24:21.117Z
buy,9132.22,0.05475119,2018-04-24T04:24:21.133Z
buy,9198.02,0.0,2018-04-24T04:24:21.134Z
buy,9099.42,0.0015,2018-04-24T04:24:21.141Z
buy,9099.42,0.0,2018-04-24T04:24:21.246Z
buy,9066.42,0.0015,2018-04-24T04:24:21.277Z
buy,9198.02,0.0015,2018-04-24T04:24:21.283Z
buy,9165.01,0.0015,2018-04-24T04:24:21.327Z
buy,9132.22,0.05625119,2018-04-24T04:24:21.329Z
buy,8950.83,0.0,2018-04-24T04:24:21.395Z
buy,8949.35,0.1,2018-04-24T04:24:21.413Z
buy,9132.22,0.05475119,2018-04-24T04:24:21.430Z
buy,9198.02,0.0,2018-04-24T04:24:21.438Z
buy,9165.01,0.0,2018-04-24T04:24:21.439Z
buy,9099.42,0.0015,2018-04-24T04:24:21.462Z
buy,8932.39,0.0884,2018-04-24T04:24:21.473Z
buy,9066.42,0.0,2018-04-24T04:24:21.477Z
buy,9198.02,0.0015,2018-04-24T04:24:21.499Z
buy,8932.39,0.0902,2018-04-24T04:24:21.512Z
buy,9099.42,0.0,2018-04-24T04:24:21.525Z
buy,9198.02,0.0,2018-04-24T04:24:21.526Z
buy,9132.22,0.05625119,2018-04-24T04:24:21.528Z
buy,9066.42,0.0015,2018-04-24T04:24:21.532Z
buy,9165.01,0.0015,2018-04-24T04:24:21.620Z
buy,9176.9,2.5180000000000002,2018-04-24T04:24:21.629Z
buy,9198.01,0.0,2018-04-24T04:24:21.653Z
buy,9132.22,0.05475119,2018-04-24T04:24:21.656Z
buy,9165.01,0.0,2018-04-24T04:24:21.669Z
buy,9197.63,2.3609999999999998,2018-04-24T04:24:21.674Z
buy,9099.42,0.0015,2018-04-24T04:24:21.676Z
buy,8950.62,0.0,2018-04-24T04:24:21.678Z
buy,9066.41,0.0,2018-04-24T04:24:21.703Z
buy,9197.63,2.3625,2018-04-24T04:24:21.727Z
buy,9132.22,0.05625119,2018-04-24T04:24:21.744Z
sell,9217.21,0.0,2018-04-24T04:24:21.760Z
buy,9197.63,2.3475,2018-04-24T04:24:21.772Z
buy,9099.42,0.0,2018-04-24T04:24:21.774Z
buy,9198.02,0.015,2018-04-24T04:24:21.780Z
buy,9030.58,0.0,2018-04-24T04:24:21.787Z
buy,9165.01,0.0015,2018-04-24T04:24:21.801Z
buy,9030.59,0.001,2018-04-24T04:24:21.835Z
buy,9132.22,0.05475119,2018-04-24T04:24:21.859Z
buy,9197.26,0.01,2018-04-24T04:24:21.881Z
buy,9197.63,2.346,2018-04-24T04:24:21.882Z
buy,9165.01,0.0,2018-04-24T04:24:21.883Z
sell,9225.0,7.68338824,2018-04-24T04:24:21.885Z
buy,9099.42,0.0015,2018-04-24T04:24:21.891Z
buy,9198.03,0.0015,2018-04-24T04:24:21.904Z
buy,9208.64,5.22188346,2018-04-24T04:24:21.938Z
buy,9132.22,0.05625119,2018-04-24T04:24:21.960Z
buy,9200.0,18.13420849,2018-04-24T04:24:21.987Z
buy,9197.26,0.0,2018-04-24T04:24:21.994Z
sell,9217.21,0.6955,2018-04-24T04:24:22.009Z
buy,9198.03,0.0,2018-04-24T04:24:22.048Z
buy,9165.01,0.0015,2018-04-24T04:24:22.069Z
buy,9099.42,0.0,2018-04-24T04:24:22.117Z
buy,9165.01,0.0,2018-04-24T04:24:22.135Z
buy,9132.22,0.05475119,2018-04-24T04:24:22.136Z
buy,9066.44,0.0015,2018-04-24T04:24:22.144Z
buy,9030.6,0.001,2018-04-24T04:24:22.247Z
buy,9066.44,0.0,2018-04-24T04:24:22.262Z
buy,9198.03,0.0015,2018-04-24T04:24:22.291Z
buy,9165.01,0.0015,2018-04-24T04:24:22.294Z
buy,9066.42,0.0,2018-04-24T04:24:22.310Z
buy,9132.22,0.05625119,2018-04-24T04:24:22.320Z
buy,9099.44,0.0015,2018-04-24T04:24:22.322Z
sell,9208.7,0.09368034,2018-04-24T04:24:22.333Z
buy,9165.01,0.0,2018-04-24T04:24:22.364Z
buy,9198.03,0.0,2018-04-24T04:24:22.387Z
buy,9066.44,0.0015,2018-04-24T04:24:22.395Z
buy,9198.02,0.0,2018-04-24T04:24:22.539Z
buy,9197.63,2.3609999999999998,2018-04-24T04:24:22.549Z
buy,9030.6,0.0,2018-04-24T04:24:22.567Z
buy,9132.22,0.05475119,2018-04-24T04:24:22.570Z
buy,9197.63,2.3625,2018-04-24T04:24:22.637Z
buy,9165.01,0.0015,2018-04-24T04:24:22.639Z
buy,9030.59,0.0,2018-04-24T04:24:22.640Z
buy,9030.58,0.001,2018-04-24T04:24:22.643Z
buy,9066.44,0.0,2018-04-24T04:24:22.645Z
buy,9132.22,0.05625119,2018-04-24T04:24:22.654Z
buy,9208.65,41.54349574,2018-04-24T04:24:22.687Z
buy,9197.63,2.3609999999999998,2018-04-24T04:24:22.698Z
buy,9099.44,0.0,2018-04-24T04:24:22.718Z
buy,9132.22,0.05475119,2018-04-24T04:24:22.719Z
buy,9165.01,0.0,2018-04-24T04:24:22.720Z
buy,9066.44,0.0015,2018-04-24T04:24:22.748Z
buy,9066.44,0.0,2018-04-24T04:24:22.796Z
buy,9197.63,2.3625,2018-04-24T04:24:22.827Z
buy,9066.06,0.0,2018-04-24T04:24:22.848Z
buy,9197.63,2.3609999999999998,2018-04-24T04:24:22.862Z
buy,9165.01,0.0015,2018-04-24T04:24:22.944Z
buy,9132.22,0.05625119,2018-04-24T04:24:22.946Z
buy,9066.44,0.0015,2018-04-24T04:24:22.948Z
buy,9099.44,0.0015,2018-04-24T04:24:22.954Z
sell,9208.66,0.24880891,2018-04-24T04:24:23.013Z
buy,9126.01,0.15288,2018-04-24T04:24:23.067Z
buy,9132.22,0.05475119,2018-04-24T04:24:23.075Z
buy,9197.55,0.01,2018-04-24T04:24:23.085Z
buy,9197.63,2.3625,2018-04-24T04:24:23.103Z
buy,9165.01,0.0,2018-04-24T04:24:23.135Z
buy,9197.55,0.0,2018-04-24T04:24:23.158Z
buy,9197.63,2.3609999999999998,2018-04-24T04:24:23.159Z
buy,9132.22,0.05625119,2018-04-24T04:24:23.168Z
buy,9099.45,0.0015,2018-04-24T04:24:23.170Z
buy,9176.11,0.0,2018-04-24T04:24:23.228Z
buy,9126.01,0.41839,2018-04-24T04:24:23.255Z
buy,9099.45,0.0,2018-04-24T04:24:23.334Z
buy,9099.44,0.0,2018-04-24T04:24:23.338Z
buy,9066.45,0.0015,2018-04-24T04:24:23.343Z
buy,9165.01,0.0015,2018-04-24T04:24:23.346Z
buy,9197.63,2.3625,2018-04-24T04:24:23.357Z
buy,9132.22,0.05475119,2018-04-24T04:24:23.386Z
buy,9165.01,0.0,2018-04-24T04:24:23.401Z
buy,9099.45,0.0015,2018-04-24T04:24:23.416Z
buy,9197.63,2.3609999999999998,2018-04-24T04:24:23.426Z
buy,9132.22,0.05625119,2018-04-24T04:24:23.449Z
buy,9030.58,0.0,2018-04-24T04:24:23.466Z
buy,9030.6,0.001,2018-04-24T04:24:23.475Z
buy,9030.59,0.001,2018-04-24T04:24:23.478Z
buy,9165.01,0.0015,2018-04-24T04:24:23.497Z
buy,9066.45,0.0,2018-04-24T04:24:23.513Z
buy,9197.63,2.3625,2018-04-24T04:24:23.549Z
buy,9126.01,0.15288,2018-04-24T04:24:23.748Z
buy,9126.01,0.10672000000000001,2018-04-24T04:24:23.753Z
buy,9126.01,0.10155,2018-04-24T04:24:23.755Z
buy,9126.01,0.11965,2018-04-24T04:24:23.763Z
buy,9165.01,0.0,2018-04-24T04:24:23.779Z
buy,9099.45,0.0,2018-04-24T04:24:23.785Z
buy,9197.63,2.3609999999999998,2018-04-24T04:24:23.786Z
buy,9132.22,0.05475119,2018-04-24T04:24:23.787Z
buy,9066.45,0.0015,2018-04-24T04:24:23.794Z
buy,9099.45,0.0015,2018-04-24T04:24:23.850Z
buy,9066.44,0.0,2018-04-24T04:24:23.880Z
buy,9165.01,0.0015,2018-04-24T04:24:23.904Z
buy,9132.22,0.05625119,2018-04-24T04:24:23.907Z
buy,9099.45,0.0,2018-04-24T04:24:23.933Z
buy,9179.01,6.4,2018-04-24T04:24:23.937Z
buy,9197.63,2.3625,2018-04-24T04:24:23.970Z
buy,9132.22,0.05475119,2018-04-24T04:24:23.988Z
buy,9165.01,0.0,2018-04-24T04:24:24.008Z
buy,9099.45,0.0015,2018-04-24T04:24:24.017Z
buy,9197.63,2.3609999999999998,2018-04-24T04:24:24.047Z
buy,9132.22,0.05625119,2018-04-24T04:24:24.076Z
buy,9066.45,0.0,2018-04-24T04:24:24.146Z
buy,9197.63,2.3625,2018-04-24T04:24:24.170Z
buy,9030.59,0.0,2018-04-24T04:24:24.245Z
buy,9030.6,0.0,2018-04-24T04:24:24.249Z
buy,9030.58,0.001,2018-04-24T04:24:24.255Z
buy,9197.63,2.3609999999999998,2018-04-24T04:24:24.275Z
buy,9165.01,0.0015,2018-04-24T04:24:24.306Z
buy,9132.22,0.05475119,2018-04-24T04:24:24.325Z
buy,9099.45,0.0,2018-04-24T04:24:24.328Z
buy,9066.47,0.0015,2018-04-24T04:24:24.337Z
buy,9099.47,0.0015,2018-04-24T04:24:24.339Z
buy,9208.61,0.00847688,2018-04-24T04:24:24.342Z
buy,9197.63,2.3625,2018-04-24T04:24:24.344Z
buy,9165.01,0.0,2018-04-24T04:24:24.396Z
buy,9132.22,0.05625119,2018-04-24T04:24:24.418Z
sell,9217.21,0.0,2018-04-24T04:24:24.457Z
sell,9219.94,0.0,2018-04-24T04:24:24.463Z
sell,9220.19,0.5,2018-04-24T04:24:24.481Z
buy,9197.63,2.3609999999999998,2018-04-24T04:24:24.488Z
sell,9220.19,0.0,2018-04-24T04:24:24.518Z
buy,9165.01,0.0015,2018-04-24T04:24:24.522Z
sell,9219.94,0.5,2018-04-24T04:24:24.536Z
buy,9066.47,0.0,2018-04-24T04:24:24.551Z
buy,9197.63,2.3625,2018-04-24T04:24:24.580Z
buy,9165.01,0.0,2018-04-24T04:24:24.620Z
buy,9197.63,2.3609999999999998,2018-04-24T04:24:24.634Z
buy,9132.22,0.05475119,2018-04-24T04:24:24.635Z
buy,9099.47,0.0,2018-04-24T04:24:24.636Z
buy,9066.47,0.0015,2018-04-24T04:24:24.642Z
buy,9165.01,0.0015,2018-04-24T04:24:24.695Z
sell,9208.82,0.10800000000000001,2018-04-24T04:24:24.708Z
buy,9066.47,0.0,2018-04-24T04:24:24.724Z
buy,9197.63,2.3625,2018-04-24T04:24:24.751Z
buy,9126.01,0.14875,2018-04-24T04:24:24.756Z
buy,9165.01,0.0,2018-04-24T04:24:24.770Z
sell,9320.82,0.0,2018-04-24T04:24:24.775Z
buy,9132.22,0.05625119,2018-04-24T04:24:24.779Z
buy,9099.47,0.0015,2018-04-24T04:24:24.789Z
sell,9316.26,4.752,2018-04-24T04:24:24.794Z
buy,9066.47,0.0015,2018-04-24T04:24:24.805Z
buy,9126.01,0.15442999999999998,2018-04-24T04:24:25.056Z
buy,9030.58,0.0,2018-04-24T04:24:25.067Z
buy,9030.59,0.001,2018-04-24T04:24:25.073Z
buy,9197.63,2.3609999999999998,2018-04-24T04:24:25.092Z
buy,9165.01,0.0015,2018-04-24T04:24:25.111Z
buy,9132.22,0.05475119,2018-04-24T04:24:25.136Z
buy,9197.63,2.3625,2018-04-24T04:24:25.167Z
sell,9208.82,0.0,2018-04-24T04:24:25.203Z
sell,9208.69,0.10800000000000001,2018-04-24T04:24:25.215Z
sell,9208.69,0.0,2018-04-24T04:24:25.218Z
buy,9030.59,0.0,2018-04-24T04:24:25.307Z
buy,9165.01,0.0,2018-04-24T04:24:25.313Z
buy,9197.63,2.3609999999999998,2018-04-24T04:24:25.314Z
buy,9099.48,0.0015,2018-04-24T04:24:25.321Z
buy,9099.47,0.0,2018-04-24T04:24:25.338Z
buy,9066.48,0.0015,2018-04-24T04:24:25.363Z
buy,9030.6,0.001,2018-04-24T04:24:25.366Z
buy,9132.22,0.05625119,2018-04-24T04:24:25.388Z
buy,9066.48,0.0,2018-04-24T04:24:25.395Z
buy,9165.01,0.0015,2018-04-24T04:24:25.425Z
buy,9197.63,2.3625,2018-04-24T04:24:25.429Z
buy,9030.58,0.001,2018-04-24T04:24:25.579Z
buy,9196.4,0.01,2018-04-24T04:24:25.877Z
buy,8850.0,86.11539045,2018-04-24T04:24:25.879Z
buy,9165.01,0.0,2018-04-24T04:24:25.914Z
buy,9030.6,0.0,2018-04-24T04:24:25.922Z
buy,9030.59,0.001,2018-04-24T04:24:25.931Z
buy,9197.63,2.3609999999999998,2018-04-24T04:24:25.936Z
buy,9099.48,0.0,2018-04-24T04:24:25.938Z
buy,9132.22,0.05475119,2018-04-24T04:24:25.940Z
buy,9066.48,0.0015,2018-04-24T04:24:25.947Z
buy,9208.65,41.45349574,2018-04-24T04:24:25.965Z
buy,9066.47,0.0,2018-04-24T04:24:26.035Z
buy,9165.01,0.0015,2018-04-24T04:24:26.040Z
buy,9196.4,0.0,2018-04-24T04:24:26.041Z
buy,9126.01,0.14875,2018-04-24T04:24:26.051Z
buy,9132.22,0.05625119,2018-04-24T04:24:26.054Z
buy,9126.01,0.11965,2018-04-24T04:24:26.055Z
buy,9099.48,0.0015,2018-04-24T04:24:26.059Z
buy,9126.01,0.12489000000000001,2018-04-24T04:24:26.062Z
sell,9212.0,0.001,2018-04-24T04:24:26.069Z
buy,9066.48,0.0,2018-04-24T04:24:26.089Z
buy,9197.63,2.3625,2018-04-24T04:24:26.107Z
buy,9099.48,0.0,2018-04-24T04:24:26.138Z
buy,9165.01,0.0,2018-04-24T04:24:26.158Z
buy,9132.22,0.05475119,2018-04-24T04:24:26.159Z
buy,9066.48,0.0015,2018-04-24T04:24:26.166Z
buy,9197.63,2.3609999999999998,2018-04-24T04:24:26.177Z
buy,9099.49,0.0015,2018-04-24T04:24:26.184Z
buy,9066.49,0.0015,2018-04-24T04:24:26.204Z
buy,9030.59,0.0,2018-04-24T04:24:26.208Z
buy,9030.6,0.001,2018-04-24T04:24:26.254Z
buy,9099.49,0.0,2018-04-24T04:24:26.280Z
buy,9165.01,0.0015,2018-04-24T04:24:26.298Z
buy,9132.22,0.05625119,2018-04-24T04:24:26.310Z
buy,9165.01,0.0,2018-04-24T04:24:26.333Z
buy,8953.4,0.1,2018-04-24T04:24:26.346Z
sell,9212.0,0.00285,2018-04-24T04:24:26.348Z
buy,9197.63,2.3625,2018-04-24T04:24:26.359Z
buy,9132.22,0.05475119,2018-04-24T04:24:26.369Z
buy,9099.49,0.0015,2018-04-24T04:24:26.380Z
buy,9197.63,2.3609999999999998,2018-04-24T04:24:26.403Z
buy,9165.01,0.0015,2018-04-24T04:24:26.427Z
buy,9099.49,0.0,2018-04-24T04:24:26.460Z
buy,9208.65,41.35349574,2018-04-24T04:24:26.555Z
sell,9326.26,0.001,2018-04-24T04:24:26.557Z
buy,9132.22,0.05625119,2018-04-24T04:24:26.563Z
buy,9197.63,2.3625,2018-04-24T04:24:26.564Z
buy,9165.01,0.0,2018-04-24T04:24:26.570Z
buy,9099.49,0.0015,2018-04-24T04:24:26.593Z
buy,9208.65,41.35749574,2018-04-24T04:24:26.641Z
buy,9171.01,0.228,2018-04-24T04:24:26.743Z
buy,9126.01,0.15367,2018-04-24T04:24:27.059Z
buy,9197.63,2.3609999999999998,2018-04-24T04:24:27.119Z
buy,9165.01,0.0015,2018-04-24T04:24:27.132Z
buy,9195.93,0.01,2018-04-24T04:24:27.163Z
buy,9165.01,0.0,2018-04-24T04:24:27.184Z
buy,9132.22,0.05475119,2018-04-24T04:24:27.190Z
buy,9099.51,0.0015,2018-04-24T04:24:27.216Z
buy,9195.93,0.0,2018-04-24T04:24:27.243Z
buy,9126.01,0.25761,2018-04-24T04:24:27.257Z
buy,8900.0,35.73853167,2018-04-24T04:24:27.264Z
buy,9030.6,0.0,2018-04-24T04:24:27.313Z
buy,9099.49,0.0,2018-04-24T04:24:27.323Z
buy,9099.51,0.0,2018-04-24T04:24:27.324Z
buy,9066.51,0.0015,2018-04-24T04:24:27.328Z
buy,9165.01,0.0015,2018-04-24T04:24:27.344Z
buy,9197.63,2.3625,2018-04-24T04:24:27.348Z
buy,9030.59,0.001,2018-04-24T04:24:27.361Z
buy,9132.51,0.0015,2018-04-24T04:24:27.362Z
buy,9197.63,2.3609999999999998,2018-04-24T04:24:27.420Z
buy,9165.01,0.0,2018-04-24T04:24:27.436Z
buy,9099.51,0.0015,2018-04-24T04:24:27.444Z
buy,9066.51,0.0,2018-04-24T04:24:27.493Z
buy,9197.63,2.3625,2018-04-24T04:24:27.507Z
buy,9099.51,0.0,2018-04-24T04:24:27.553Z
buy,9132.51,0.0,2018-04-24T04:24:27.573Z
buy,9197.63,2.3609999999999998,2018-04-24T04:24:27.575Z
buy,9066.51,0.0015,2018-04-24T04:24:27.601Z
buy,9132.51,0.0015,2018-04-24T04:24:27.641Z
buy,9165.01,0.0015,2018-04-24T04:24:27.647Z
buy,9099.51,0.0015,2018-04-24T04:24:27.656Z
buy,9165.01,0.0,2018-04-24T04:24:27.678Z
buy,9197.63,2.3625,2018-04-24T04:24:27.704Z
sell,9208.79,0.1112088,2018-04-24T04:24:27.965Z
buy,9126.01,0.15367,2018-04-24T04:24:28.053Z
buy,9126.01,0.23184000000000002,2018-04-24T04:24:28.070Z
buy,9030.58,0.0,2018-04-24T04:24:28.093Z
buy,9197.63,2.3609999999999998,2018-04-24T04:24:28.115Z
buy,9165.01,0.0015,2018-04-24T04:24:28.124Z
buy,9030.6,0.001,2018-04-24T04:24:28.139Z
buy,9066.51,0.0,2018-04-24T04:24:28.164Z
buy,9197.63,2.3625,2018-04-24T04:24:28.181Z
buy,9194.8,0.01,2018-04-24T04:24:28.306Z
buy,9165.01,0.0,2018-04-24T04:24:28.334Z
buy,9132.51,0.0,2018-04-24T04:24:28.340Z
buy,9197.63,2.3609999999999998,2018-04-24T04:24:28.341Z
buy,9099.51,0.0,2018-04-24T04:24:28.346Z
buy,9099.52,0.0015,2018-04-24T04:24:28.349Z
buy,9066.52,0.0015,2018-04-24T04:24:28.358Z
sell,9342.23,0.01,2018-04-24T04:24:28.366Z
buy,9066.48,0.0,2018-04-24T04:24:28.380Z
buy,9194.8,0.0,2018-04-24T04:24:28.382Z
buy,9195.02,0.01,2018-04-24T04:24:28.388Z
sell,9208.79,0.0032088,2018-04-24T04:24:28.392Z
sell,9208.66,0.35680891,2018-04-24T04:24:28.400Z
sell,9208.66,0.24880891,2018-04-24T04:24:28.403Z
buy,9165.01,0.0015,2018-04-24T04:24:28.412Z
buy,9197.63,2.3625,2018-04-24T04:24:28.416Z
buy,9194.69,0.01,2018-04-24T04:24:28.418Z
buy,9030.6,0.0,2018-04-24T04:24:28.455Z
buy,9030.59,0.0,2018-04-24T04:24:28.458Z
buy,9066.52,0.0,2018-04-24T04:24:28.464Z
buy,9030.58,0.001,2018-04-24T04:24:28.466Z
buy,9132.51,0.0015,2018-04-24T04:24:28.488Z
buy,9194.69,0.0,2018-04-24T04:24:28.489Z
buy,9165.01,0.0,2018-04-24T04:24:28.535Z
buy,9099.52,0.0,2018-04-24T04:24:28.556Z
buy,9197.63,2.3609999999999998,2018-04-24T04:24:28.558Z
sell,10129.53,0.01,2018-04-24T04:24:28.571Z
buy,9066.52,0.0015,2018-04-24T04:24:28.573Z
buy,9165.01,0.0015,2018-04-24T04:24:28.638Z
buy,9132.51,0.0,2018-04-24T04:24:28.642Z
buy,9099.52,0.0015,2018-04-24T04:24:28.654Z
buy,9165.01,0.0,2018-04-24T04:24:28.678Z
buy,9132.51,0.0015,2018-04-24T04:24:28.706Z
buy,9197.63,2.3625,2018-04-24T04:24:28.742Z
buy,9099.52,0.0,2018-04-24T04:24:28.751Z
buy,9165.01,0.0015,2018-04-24T04:24:28.780Z
buy,8287.78,0.01,2018-04-24T04:24:29.000Z
buy,9195.02,0.0,2018-04-24T04:24:29.031Z
buy,9194.64,0.01,2018-04-24T04:24:29.038Z
buy,9029.0,0.055999999999999994,2018-04-24T04:24:29.074Z
buy,9194.64,0.0,2018-04-24T04:24:29.079Z
buy,9194.67,0.01,2018-04-24T04:24:29.092Z
buy,9030.6,0.001,2018-04-24T04:24:29.133Z
buy,9165.01,0.0,2018-04-24T04:24:29.136Z
buy,9197.63,2.3609999999999998,2018-04-24T04:24:29.146Z
buy,9132.51,0.0,2018-04-24T04:24:29.148Z
buy,9099.52,0.0015,2018-04-24T04:24:29.164Z
buy,9194.67,0.0,2018-04-24T04:24:29.178Z
buy,9030.59,0.001,2018-04-24T04:24:29.242Z
buy,9165.01,0.0015,2018-04-24T04:24:29.245Z
buy,9066.49,0.0,2018-04-24T04:24:29.365Z
buy,9165.01,0.0,2018-04-24T04:24:29.386Z
buy,9132.51,0.0015,2018-04-24T04:24:29.396Z
buy,9099.54,0.0015,2018-04-24T04:24:29.399Z
buy,9099.52,0.0,2018-04-24T04:24:29.409Z
buy,9066.54,0.0015,2018-04-24T04:24:29.421Z
buy,9099.54,0.0,2018-04-24T04:24:29.490Z
buy,9197.63,2.3625,2018-04-24T04:24:29.512Z
buy,9165.01,0.0015,2018-04-24T04:24:29.529Z
buy,9132.51,0.0,2018-04-24T04:24:29.566Z
buy,9197.63,2.3609999999999998,2018-04-24T04:24:29.572Z
buy,9099.54,0.0015,2018-04-24T04:24:29.580Z
buy,9208.65,41.49249574,2018-04-24T04:24:29.732Z
buy,9165.01,0.0,2018-04-24T04:24:29.772Z
buy,9132.51,0.0015,2018-04-24T04:24:29.803Z
buy,9126.01,0.15367,2018-04-24T04:24:29.952Z
buy,9126.01,0.20451,2018-04-24T04:24:29.978Z
buy,9132.51,0.0,2018-04-24T04:24:29.986Z
buy,9197.63,2.3625,2018-04-24T04:24:30.016Z
buy,9066.54,0.0,2018-04-24T04:24:30.034Z
buy,9165.01,0.0015,2018-04-24T04:24:30.053Z
buy,9132.51,0.0015,2018-04-24T04:24:30.055Z
buy,9179.01,0.0,2018-04-24T04:24:30.127Z
buy,9197.63,2.3609999999999998,2018-04-24T04:24:30.222Z
buy,9196.31,0.01,2018-04-24T04:24:30.238Z
buy,9132.51,0.0,2018-04-24T04:24:30.246Z
buy,9165.01,0.0,2018-04-24T04:24:30.247Z
buy,9099.55,0.0015,2018-04-24T04:24:30.250Z
buy,9196.31,0.0,2018-04-24T04:24:30.329Z
buy,9184.22,0.0,2018-04-24T04:24:30.449Z
buy,9208.6,0.12143,2018-04-24T04:24:30.518Z
sell,9212.85,0.0,2018-04-24T04:24:30.520Z
sell,9233.8,0.0,2018-04-24T04:24:30.526Z
sell,9229.19,7.35,2018-04-24T04:24:30.527Z
buy,9185.87,0.0,2018-04-24T04:24:30.529Z
sell,9217.22,0.375,2018-04-24T04:24:30.534Z
sell,9214.76,0.6692,2018-04-24T04:24:30.536Z
sell,9231.96,0.0,2018-04-24T04:24:30.537Z
sell,9229.19,6.45,2018-04-24T04:24:30.538Z
sell,9231.38,0.905,2018-04-24T04:24:30.541Z
sell,9231.38,1.805,2018-04-24T04:24:30.545Z
sell,9231.38,0.905,2018-04-24T04:24:30.552Z
sell,9234.15,0.9,2018-04-24T04:24:30.560Z
sell,9231.38,0.005,2018-04-24T04:24:30.561Z
buy,9188.05,0.536045,2018-04-24T04:24:30.565Z
sell,9234.15,0.0,2018-04-24T04:24:30.565Z
sell,9235.99,0.9,2018-04-24T04:24:30.568Z
sell,9230.15,0.9,2018-04-24T04:24:30.569Z
buy,9104.88,1.0,2018-04-24T04:24:30.570Z
sell,9235.99,0.0,2018-04-24T04:24:30.571Z
buy,9188.05,0.0,2018-04-24T04:24:30.573Z
sell,9232.92,0.9,2018-04-24T04:24:30.574Z
buy,9186.83,0.536045,2018-04-24T04:24:30.582Z
sell,9234.76,0.90552472,2018-04-24T04:24:30.585Z
sell,9217.22,0.25,2018-04-24T04:24:30.587Z
sell,9214.75,0.125,2018-04-24T04:24:30.600Z
sell,9214.76,0.0,2018-04-24T04:24:30.616Z
sell,9214.74,0.6692,2018-04-24T04:24:30.624Z
sell,9234.76,0.00552472,2018-04-24T04:24:30.625Z
sell,9230.15,1.8,2018-04-24T04:24:30.628Z
sell,9214.75,0.0,2018-04-24T04:24:30.629Z
buy,9186.83,0.0,2018-04-24T04:24:30.631Z
sell,9230.15,0.9,2018-04-24T04:24:30.634Z
sell,9230.15,0.0,2018-04-24T04:24:30.635Z
sell,9235.99,0.9,2018-04-24T04:24:30.638Z
sell,9234.15,0.9,2018-04-24T04:24:30.640Z
sell,9214.73,0.125,2018-04-24T04:24:30.641Z
sell,9235.99,0.0,2018-04-24T04:24:30.685Z
sell,9234.15,0.0,2018-04-24T04:24:30.685Z
sell,9231.38,0.905,2018-04-24T04:24:30.686Z
sell,9231.38,0.005,2018-04-24T04:24:30.687Z
sell,9230.14,0.97102599,2018-04-24T04:24:30.689Z
sell,9232.91,0.9,2018-04-24T04:24:30.690Z
sell,9230.14,1.87102599,2018-04-24T04:24:30.691Z
sell,9234.75,0.9,2018-04-24T04:24:30.692Z
sell,9232.92,0.0,2018-04-24T04:24:30.724Z
buy,9188.05,0.536045,2018-04-24T04:24:30.725Z
buy,9188.05,0.0,2018-04-24T04:24:30.726Z
buy,9186.82,0.536045,2018-04-24T04:24:30.727Z
buy,9176.11,6.4,2018-04-24T04:24:30.735Z
sell,9334.65,0.0,2018-04-24T04:24:30.735Z
sell,9289.99,1.1449200000000002,2018-04-24T04:24:30.748Z
buy,9099.54,0.0,2018-04-24T04:24:30.756Z
buy,9099.55,0.0,2018-04-24T04:24:30.783Z
sell,9214.74,0.0,2018-04-24T04:24:30.789Z
buy,9066.55,0.0015,2018-04-24T04:24:30.790Z
buy,9197.63,2.3625,2018-04-24T04:24:30.796Z
buy,9186.82,0.0,2018-04-24T04:24:30.797Z
sell,9230.14,0.97102599,2018-04-24T04:24:30.798Z
sell,9234.75,0.0,2018-04-24T04:24:30.799Z
sell,9214.72,0.6692,2018-04-24T04:24:30.801Z
buy,9208.65,41.74249574,2018-04-24T04:24:30.803Z
buy,9188.05,0.536045,2018-04-24T04:24:30.804Z
sell,9230.14,0.07102599,2018-04-24T04:24:30.806Z
sell,9232.91,0.0,2018-04-24T04:24:30.807Z
sell,9235.99,0.9,2018-04-24T04:24:30.809Z
sell,9231.38,0.905,2018-04-24T04:24:30.813Z
buy,9132.51,0.0015,2018-04-24T04:24:30.816Z
sell,9231.38,0.005,2018-04-24T04:24:30.817Z
sell,9231.38,0.905,2018-04-24T04:24:30.818Z
buy,9165.01,0.0015,2018-04-24T04:24:30.820Z
sell,9231.38,0.005,2018-04-24T04:24:30.822Z
sell,9235.99,0.0,2018-04-24T04:24:30.836Z
sell,9230.13,0.9,2018-04-24T04:24:30.837Z
buy,9188.05,0.0,2018-04-24T04:24:30.838Z
sell,9234.74,0.9,2018-04-24T04:24:30.850Z
buy,9186.81,0.536045,2018-04-24T04:24:30.853Z
sell,9208.67,0.1,2018-04-24T04:24:30.872Z
sell,9234.15,0.9,2018-04-24T04:24:30.881Z
sell,9230.13,1.8,2018-04-24T04:24:30.884Z
sell,9234.15,0.0,2018-04-24T04:24:30.895Z
sell,9232.9,0.9,2018-04-24T04:24:30.904Z
buy,9126.01,0.15367,2018-04-24T04:24:30.973Z
buy,9126.01,0.20095,2018-04-24T04:24:30.980Z
buy,8949.35,0.0,2018-04-24T04:24:31.262Z
buy,8953.62,0.1,2018-04-24T04:24:31.275Z
sell,9212.0,0.001,2018-04-24T04:24:31.295Z
buy,9165.01,0.0,2018-04-24T04:24:31.339Z
buy,9197.63,2.3609999999999998,2018-04-24T04:24:31.345Z
buy,9132.51,0.0,2018-04-24T04:24:31.346Z
buy,9099.56,0.0015,2018-04-24T04:24:31.355Z
buy,9066.56,0.0015,2018-04-24T04:24:31.370Z
buy,9196.63,0.01,2018-04-24T04:24:31.397Z
sell,9219.94,0.0,2018-04-24T04:24:31.397Z
sell,9220.19,0.5,2018-04-24T04:24:31.416Z
buy,9196.63,0.0,2018-04-24T04:24:31.467Z
buy,9099.56,0.0,2018-04-24T04:24:31.548Z
buy,9196.89,0.01,2018-04-24T04:24:31.564Z
buy,9165.01,0.0015,2018-04-24T04:24:31.592Z
buy,9197.63,2.3625,2018-04-24T04:24:31.594Z
buy,9132.51,0.0015,2018-04-24T04:24:31.598Z
buy,9196.89,0.0,2018-04-24T04:24:31.633Z
buy,9165.01,0.0,2018-04-24T04:24:31.644Z
buy,9197.63,2.3609999999999998,2018-04-24T04:24:31.645Z
buy,9099.56,0.0015,2018-04-24T04:24:31.652Z
buy,9197.07,0.01,2018-04-24T04:24:31.687Z
buy,5000.0,392.41229703,2018-04-24T04:24:31.698Z
buy,9197.07,0.0,2018-04-24T04:24:31.703Z
buy,9208.65,41.65449574,2018-04-24T04:24:31.722Z
buy,9197.16,0.01,2018-04-24T04:24:31.774Z
buy,6000.0,252.94035225,2018-04-24T04:24:31.833Z
buy,9099.56,0.0,2018-04-24T04:24:31.916Z
buy,9197.63,2.3625,2018-04-24T04:24:31.933Z
buy,9197.16,0.0,2018-04-24T04:24:31.966Z
buy,9132.51,0.0,2018-04-24T04:24:32.011Z
buy,9165.01,0.0015,2018-04-24T04:24:32.023Z
buy,9099.56,0.0015,2018-04-24T04:24:32.025Z
buy,9197.19,0.01,2018-04-24T04:24:32.049Z
buy,9126.01,0.4184,2018-04-24T04:24:32.062Z
buy,9197.19,0.0,2018-04-24T04:24:32.084Z
buy,9197.63,2.3609999999999998,2018-04-24T04:24:32.093Z
buy,9165.01,0.0,2018-04-24T04:24:32.103Z
buy,9066.55,0.0,2018-04-24T04:24:32.127Z
buy,9132.51,0.0015,2018-04-24T04:24:32.198Z
buy,9197.63,2.3625,2018-04-24T04:24:32.203Z
buy,9066.56,0.0,2018-04-24T04:24:32.206Z
buy,9165.01,0.0015,2018-04-24T04:24:32.249Z
buy,9165.01,0.0,2018-04-24T04:24:32.289Z
buy,9132.51,0.0,2018-04-24T04:24:32.306Z
buy,9099.56,0.0,2018-04-24T04:24:32.308Z
buy,9197.63,2.3609999999999998,2018-04-24T04:24:32.357Z
buy,9066.56,0.0015,2018-04-24T04:24:32.362Z
buy,9197.22,0.01,2018-04-24T04:24:32.369Z
buy,9066.56,0.0,2018-04-24T04:24:32.390Z
buy,9165.01,0.0015,2018-04-24T04:24:32.392Z
buy,9197.22,0.0,2018-04-24T04:24:32.393Z
buy,9132.51,0.0015,2018-04-24T04:24:32.395Z
sell,9214.73,0.0,2018-04-24T04:24:32.519Z
buy,9099.58,0.0015,2018-04-24T04:24:32.526Z
sell,9214.71,0.125,2018-04-24T04:24:32.529Z
buy,9132.51,0.0,2018-04-24T04:24:32.530Z
sell,9214.72,0.0,2018-04-24T04:24:32.532Z
buy,9165.01,0.0,2018-04-24T04:24:32.534Z
buy,9186.81,0.0,2018-04-24T04:24:32.539Z
sell,9214.76,0.6692,2018-04-24T04:24:32.541Z
sell,9234.74,0.0,2018-04-24T04:24:32.541Z
sell,9230.13,0.9,2018-04-24T04:24:32.542Z
buy,9066.58,0.0015,2018-04-24T04:24:32.544Z
sell,9232.9,0.0,2018-04-24T04:24:32.549Z
sell,9230.13,0.0,2018-04-24T04:24:32.551Z
buy,9197.63,2.3625,2018-04-24T04:24:32.554Z
sell,9235.99,0.9,2018-04-24T04:24:32.576Z
sell,9231.38,0.905,2018-04-24T04:24:32.577Z
sell,9231.38,0.005,2018-04-24T04:24:32.578Z
sell,9234.15,0.9,2018-04-24T04:24:32.580Z
sell,9230.15,0.9,2018-04-24T04:24:32.582Z
sell,9208.66,0.24717846,2018-04-24T04:24:32.585Z
sell,9235.99,0.0,2018-04-24T04:24:32.588Z
buy,9188.05,0.536045,2018-04-24T04:24:32.590Z
sell,9214.76,0.0,2018-04-24T04:24:32.591Z
buy,9188.05,0.0,2018-04-24T04:24:32.593Z
sell,9234.76,0.90552472,2018-04-24T04:24:32.596Z
sell,9214.7,0.6692,2018-04-24T04:24:32.599Z
sell,9234.15,0.0,2018-04-24T04:24:32.601Z
sell,9232.92,0.9,2018-04-24T04:24:32.610Z
sell,9234.76,0.00552472,2018-04-24T04:24:32.618Z
sell,9235.99,0.9,2018-04-24T04:24:32.622Z
buy,9066.58,0.0,2018-04-24T04:24:32.623Z
sell,9231.38,0.905,2018-04-24T04:24:32.629Z
sell,9230.15,0.0,2018-04-24T04:24:32.631Z
sell,9232.92,0.0,2018-04-24T04:24:32.632Z
buy,9186.83,0.536045,2018-04-24T04:24:32.635Z
sell,9231.38,1.805,2018-04-24T04:24:32.638Z
sell,9234.15,0.9,2018-04-24T04:24:32.642Z
sell,9231.38,0.905,2018-04-24T04:24:32.648Z
buy,9186.83,0.0,2018-04-24T04:24:32.649Z
sell,9235.99,0.0,2018-04-24T04:24:32.651Z
buy,9197.63,2.3609999999999998,2018-04-24T04:24:32.654Z
buy,9186.8,0.536045,2018-04-24T04:24:32.670Z
buy,9132.51,0.0015,2018-04-24T04:24:32.672Z
sell,9234.73,0.9,2018-04-24T04:24:32.674Z
buy,9165.01,0.0015,2018-04-24T04:24:32.678Z
buy,9197.67,0.01,2018-04-24T04:24:32.683Z
buy,7000.0,262.79127413,2018-04-24T04:24:32.684Z
sell,9230.12,0.9,2018-04-24T04:24:32.688Z
buy,9099.58,0.0,2018-04-24T04:24:32.705Z
buy,9197.67,0.0,2018-04-24T04:24:32.723Z
buy,9066.58,0.0015,2018-04-24T04:24:32.726Z
buy,9197.63,2.3625,2018-04-24T04:24:32.741Z
sell,9234.15,0.0,2018-04-24T04:24:32.748Z
sell,9231.38,0.005,2018-04-24T04:24:32.752Z
sell,9232.89,0.9,2018-04-24T04:24:32.773Z
sell,9230.12,1.8,2018-04-24T04:24:32.777Z
sell,9214.71,0.0,2018-04-24T04:24:32.778Z
buy,9197.63,2.3475,2018-04-24T04:24:32.778Z
sell,9214.69,0.125,2018-04-24T04:24:32.787Z
buy,9197.68,0.015,2018-04-24T04:24:32.791Z
sell,9214.7,0.0,2018-04-24T04:24:32.800Z
sell,9214.68,0.6692,2018-04-24T04:24:32.805Z
sell,9234.73,0.0,2018-04-24T04:24:32.811Z
buy,9186.8,0.0,2018-04-24T04:24:32.812Z
sell,9230.12,0.9,2018-04-24T04:24:32.813Z
buy,9165.01,0.0,2018-04-24T04:24:32.815Z
sell,9230.11,0.9,2018-04-24T04:24:32.820Z
sell,9230.12,0.0,2018-04-24T04:24:32.832Z
sell,9232.89,0.0,2018-04-24T04:24:32.834Z
sell,9234.72,0.9,2018-04-24T04:24:32.839Z
sell,9234.15,0.9,2018-04-24T04:24:32.844Z
sell,9234.15,0.0,2018-04-24T04:24:32.845Z
sell,9231.38,0.905,2018-04-24T04:24:32.847Z
buy,9132.51,0.0,2018-04-24T04:24:32.848Z
sell,9231.38,0.005,2018-04-24T04:24:32.849Z
buy,9186.79,0.536045,2018-04-24T04:24:32.851Z
buy,9099.58,0.0015,2018-04-24T04:24:32.853Z
sell,9230.11,1.8,2018-04-24T04:24:32.855Z
buy,9197.68,0.0,2018-04-24T04:24:32.862Z
buy,9198.01,0.015,2018-04-24T04:24:32.871Z
sell,9232.88,1.0,2018-04-24T04:24:32.899Z
buy,9197.63,2.346,2018-04-24T04:24:32.902Z
buy,9132.51,0.0015,2018-04-24T04:24:32.932Z
buy,9165.01,0.0015,2018-04-24T04:24:32.936Z
buy,9208.65,41.70329574,2018-04-24T04:24:32.940Z
buy,9099.58,0.0,2018-04-24T04:24:32.954Z
buy,9126.01,0.20095,2018-04-24T04:24:32.957Z
buy,9198.01,0.0,2018-04-24T04:24:32.967Z
buy,9126.01,0.15367,2018-04-24T04:24:32.970Z
buy,9197.69,0.015,2018-04-24T04:24:32.975Z
buy,9126.01,0.19646,2018-04-24T04:24:32.978Z
buy,9197.63,2.3475,2018-04-24T04:24:32.982Z
buy,9161.01,0.01,2018-04-24T04:24:32.998Z
buy,9132.51,0.0,2018-04-24T04:24:33.056Z
buy,9165.01,0.0,2018-04-24T04:24:33.058Z
buy,9197.63,2.346,2018-04-24T04:24:33.059Z
buy,9197.69,0.0,2018-04-24T04:24:33.062Z
buy,9066.58,0.0,2018-04-24T04:24:33.149Z
buy,9197.63,2.3609999999999998,2018-04-24T04:24:33.217Z
buy,9065.58,0.0,2018-04-24T04:24:33.220Z
buy,9099.58,0.0015,2018-04-24T04:24:33.222Z
buy,9132.51,0.0015,2018-04-24T04:24:33.223Z
buy,9197.63,2.3625,2018-04-24T04:24:33.243Z
buy,9165.01,0.0015,2018-04-24T04:24:33.250Z
buy,9197.63,2.3475,2018-04-24T04:24:33.315Z
buy,9198.01,0.015,2018-04-24T04:24:33.336Z
buy,9132.51,0.0,2018-04-24T04:24:33.346Z
buy,9165.01,0.0,2018-04-24T04:24:33.372Z
buy,9197.63,2.346,2018-04-24T04:24:33.374Z
buy,9099.58,0.0,2018-04-24T04:24:33.375Z
buy,9066.58,0.0015,2018-04-24T04:24:33.378Z
buy,9132.51,0.0015,2018-04-24T04:24:33.397Z
buy,9099.59,0.0015,2018-04-24T04:24:33.409Z
buy,9132.51,0.0,2018-04-24T04:24:33.528Z
buy,9099.59,0.0,2018-04-24T04:24:33.533Z
buy,9066.59,0.0327,2018-04-24T04:24:33.543Z
buy,9197.63,2.3475,2018-04-24T04:24:33.554Z
buy,9165.01,0.0015,2018-04-24T04:24:33.558Z
buy,9066.59,0.0312,2018-04-24T04:24:33.590Z
buy,9197.68,0.0015,2018-04-24T04:24:33.611Z
buy,9197.63,2.346,2018-04-24T04:24:33.642Z
buy,9165.01,0.0,2018-04-24T04:24:33.643Z
buy,9099.59,0.0015,2018-04-24T04:24:33.648Z
buy,9132.51,0.0015,2018-04-24T04:24:33.651Z
sell,10129.53,0.0,2018-04-24T04:24:33.654Z
buy,9066.59,0.0327,2018-04-24T04:24:33.659Z
buy,9197.68,0.0,2018-04-24T04:24:33.697Z
sell,9214.69,0.0,2018-04-24T04:24:33.698Z
sell,9214.67,0.125,2018-04-24T04:24:33.710Z
buy,9197.63,2.3475,2018-04-24T04:24:33.727Z
buy,9165.01,0.0015,2018-04-24T04:24:33.729Z
sell,9214.68,0.0,2018-04-24T04:24:33.731Z
sell,9214.66,0.6692,2018-04-24T04:24:33.734Z
sell,9230.11,0.9,2018-04-24T04:24:33.749Z
sell,9234.72,0.0,2018-04-24T04:24:33.750Z
buy,9186.79,0.0,2018-04-24T04:24:33.751Z
sell,9274.99,0.013000000000000001,2018-04-24T04:24:33.754Z
sell,9232.88,0.1,2018-04-24T04:24:33.756Z
sell,9230.11,0.0,2018-04-24T04:24:33.757Z
sell,9230.1,0.9,2018-04-24T04:24:33.761Z
buy,9099.59,0.0,2018-04-24T04:24:33.763Z
sell,9232.87,0.9,2018-04-24T04:24:33.765Z
sell,9214.67,0.0,2018-04-24T04:24:33.766Z
sell,9235.99,0.9,2018-04-24T04:24:33.770Z
sell,9235.99,0.0,2018-04-24T04:24:33.772Z
sell,9231.38,0.905,2018-04-24T04:24:33.775Z
sell,9214.65,0.125,2018-04-24T04:24:33.776Z
buy,9188.05,0.536045,2018-04-24T04:24:33.778Z
buy,9197.69,0.0015,2018-04-24T04:24:33.780Z
sell,9231.38,0.005,2018-04-24T04:24:33.783Z
buy,9188.05,0.0,2018-04-24T04:24:33.786Z
sell,9234.71,0.9,2018-04-24T04:24:33.788Z
buy,9186.78,0.536045,2018-04-24T04:24:33.791Z
sell,9214.66,0.0,2018-04-24T04:24:33.792Z
sell,9214.76,0.6692,2018-04-24T04:24:33.797Z
sell,9230.1,1.8,2018-04-24T04:24:33.803Z
sell,9230.1,0.9,2018-04-24T04:24:33.819Z
sell,9230.1,0.0,2018-04-24T04:24:33.821Z
sell,9232.87,0.0,2018-04-24T04:24:33.823Z
sell,9231.38,0.905,2018-04-24T04:24:33.827Z
sell,9234.71,0.0,2018-04-24T04:24:33.828Z
sell,9234.15,0.9,2018-04-24T04:24:33.834Z
buy,9186.78,0.0,2018-04-24T04:24:33.836Z
sell,9231.38,0.005,2018-04-24T04:24:33.837Z
sell,9234.15,0.0,2018-04-24T04:24:33.839Z
sell,9235.99,0.9,2018-04-24T04:24:33.841Z
sell,9235.99,0.0,2018-04-24T04:24:33.843Z
sell,9231.38,0.905,2018-04-24T04:24:33.845Z
sell,9230.15,0.9,2018-04-24T04:24:33.848Z
buy,9188.05,0.536045,2018-04-24T04:24:33.852Z
sell,9232.92,0.9,2018-04-24T04:24:33.861Z
buy,9188.05,0.0,2018-04-24T04:24:33.863Z
sell,9234.76,0.90552472,2018-04-24T04:24:33.867Z
buy,9186.83,0.536045,2018-04-24T04:24:33.871Z
buy,9132.51,0.0,2018-04-24T04:24:33.874Z
sell,9231.38,0.005,2018-04-24T04:24:33.879Z
sell,9230.15,1.8,2018-04-24T04:24:33.885Z
buy,9197.63,2.346,2018-04-24T04:24:33.886Z
buy,9165.01,0.0,2018-04-24T04:24:33.887Z
buy,9197.69,0.0,2018-04-24T04:24:33.888Z
buy,9099.59,0.0015,2018-04-24T04:24:33.890Z
buy,9132.51,0.0015,2018-04-24T04:24:33.924Z
buy,9126.01,0.15367,2018-04-24T04:24:33.958Z
buy,9107.8,0.23717,2018-04-24T04:24:33.965Z
buy,9126.01,0.05212000000000001,2018-04-24T04:24:33.969Z
buy,9126.01,0.03402,2018-04-24T04:24:33.970Z
buy,9126.01,0.02878,2018-04-24T04:24:33.971Z
buy,9126.01,0.0,2018-04-24T04:24:33.972Z
buy,9071.47,0.42091000000000006,2018-04-24T04:24:33.976Z
buy,9107.8,0.24325,2018-04-24T04:24:33.984Z
buy,9066.58,0.0,2018-04-24T04:24:33.985Z
sell,9214.76,0.0,2018-04-24T04:24:33.990Z
sell,9230.15,0.9,2018-04-24T04:24:33.995Z
sell,9214.64,0.6692,2018-04-24T04:24:33.997Z
sell,9234.76,0.00552472,2018-04-24T04:24:33.997Z
buy,9186.83,0.0,2018-04-24T04:24:33.999Z
sell,9214.65,0.0,2018-04-24T04:24:34.003Z
sell,9214.63,0.125,2018-04-24T04:24:34.013Z
buy,9198.02,0.0015,2018-04-24T04:24:34.017Z
buy,9188.05,0.536045,2018-04-24T04:24:34.025Z
buy,9165.01,0.0015,2018-04-24T04:24:34.027Z
sell,9231.38,0.905,2018-04-24T04:24:34.030Z
sell,9235.99,0.9,2018-04-24T04:24:34.033Z
sell,9235.99,0.0,2018-04-24T04:24:34.035Z
sell,9232.92,0.0,2018-04-24T04:24:34.039Z
sell,9230.15,0.0,2018-04-24T04:24:34.059Z
buy,9188.05,0.0,2018-04-24T04:24:34.065Z
sell,9234.7,0.9,2018-04-24T04:24:34.069Z
sell,9232.86,0.9,2018-04-24T04:24:34.074Z
buy,9132.51,0.0,2018-04-24T04:24:34.076Z
buy,8287.78,0.0,2018-04-24T04:24:34.077Z
sell,9230.09,0.9,2018-04-24T04:24:34.086Z
sell,9231.38,0.005,2018-04-24T04:24:34.087Z
buy,9197.63,2.3475,2018-04-24T04:24:34.103Z
buy,9186.77,0.536045,2018-04-24T04:24:34.104Z
sell,9230.09,1.8,2018-04-24T04:24:34.106Z
buy,9197.85,0.01,2018-04-24T04:24:34.110Z
buy,9198.02,0.0,2018-04-24T04:24:34.111Z
buy,9197.7,0.0015,2018-04-24T04:24:34.122Z
buy,9165.01,0.0,2018-04-24T04:24:34.130Z
buy,9132.51,0.0015,2018-04-24T04:24:34.144Z
buy,9197.85,0.0,2018-04-24T04:24:34.145Z
sell,9208.66,0.10321727,2018-04-24T04:24:34.165Z
sell,9208.66,0.10211727,2018-04-24T04:24:34.169Z
sell,9208.66,0.00211727,2018-04-24T04:24:34.172Z
sell,9208.66,0.0,2018-04-24T04:24:34.175Z
sell,9208.67,0.0,2018-04-24T04:24:34.178Z
sell,9208.7,0.06868034,2018-04-24T04:24:34.181Z
sell,9208.7,0.00149,2018-04-24T04:24:34.184Z
sell,9208.7,0.0,2018-04-24T04:24:34.187Z
sell,9208.79,0.0012,2018-04-24T04:24:34.190Z
sell,9208.79,0.0,2018-04-24T04:24:34.196Z
sell,9209.0,0.00107,2018-04-24T04:24:34.199Z
sell,9209.0,0.0,2018-04-24T04:24:34.202Z
sell,9210.0,0.13807376,2018-04-24T04:24:34.205Z
sell,9210.0,0.00341136,2018-04-24T04:24:34.208Z
buy,9195.39,0.0,2018-04-24T04:24:34.213Z
sell,9245.64,0.0,2018-04-24T04:24:34.214Z
buy,9208.65,40.40229574,2018-04-24T04:24:34.215Z
buy,9208.78,2.5559,2018-04-24T04:24:34.217Z
sell,9269.11,5.0,2018-04-24T04:24:34.224Z
buy,9209.99,0.662361,2018-04-24T04:24:34.227Z
buy,9208.99,2.5,2018-04-24T04:24:34.228Z
buy,9208.66,2.5559,2018-04-24T04:24:34.230Z
buy,9208.65,39.73983874,2018-04-24T04:24:34.230Z
buy,9208.99,5.0559,2018-04-24T04:24:34.232Z
buy,9195.72,0.1,2018-04-24T04:24:34.234Z
sell,9214.64,0.0,2018-04-24T04:24:34.234Z
buy,9208.66,0.0,2018-04-24T04:24:34.235Z
buy,9208.65,31.03983874,2018-04-24T04:24:34.236Z
buy,9208.65,30.51803874,2018-04-24T04:24:34.237Z
buy,9208.65,6.21803874,2018-04-24T04:24:34.238Z
buy,9209.99,1.954361,2018-04-24T04:24:34.239Z
sell,9214.62,0.6692,2018-04-24T04:24:34.241Z
buy,9208.66,15.7,2018-04-24T04:24:34.244Z
sell,9269.12,0.0,2018-04-24T04:24:34.245Z
buy,9208.99,2.5559,2018-04-24T04:24:34.246Z
buy,9208.64,2.72188346,2018-04-24T04:24:34.246Z
sell,9222.99,0.0,2018-04-24T04:24:34.247Z
buy,9209.99,4.4543610000000005,2018-04-24T04:24:34.248Z
buy,9208.65,5.24803874,2018-04-24T04:24:34.249Z
buy,9208.65,4.87603874,2018-04-24T04:24:34.249Z
buy,9197.35,0.18741006,2018-04-24T04:24:34.250Z
sell,9230.09,0.9,2018-04-24T04:24:34.251Z
sell,9234.7,0.0,2018-04-24T04:24:34.252Z
buy,9208.66,22.8,2018-04-24T04:24:34.253Z
buy,9186.77,0.0,2018-04-24T04:24:34.254Z
buy,9208.66,24.4,2018-04-24T04:24:34.255Z
buy,9208.78,5.0559,2018-04-24T04:24:34.256Z
buy,9208.66,33.0,2018-04-24T04:24:34.258Z
sell,9230.15,0.9,2018-04-24T04:24:34.259Z
buy,9197.63,2.346,2018-04-24T04:24:34.260Z
buy,9186.83,0.536045,2018-04-24T04:24:34.262Z
buy,9208.78,2.5559,2018-04-24T04:24:34.263Z
buy,9209.99,5.4543610000000005,2018-04-24T04:24:34.264Z
sell,9230.15,0.0,2018-04-24T04:24:34.265Z
buy,9186.83,0.0,2018-04-24T04:24:34.266Z
sell,9234.76,0.90552472,2018-04-24T04:24:34.277Z
sell,9232.86,0.0,2018-04-24T04:24:34.278Z
sell,9213.0,0.00221,2018-04-24T04:24:34.288Z
buy,9209.99,5.826361,2018-04-24T04:24:34.289Z
sell,9230.09,0.0,2018-04-24T04:24:34.290Z
buy,9197.7,0.0,2018-04-24T04:24:34.291Z
sell,9234.76,0.00552472,2018-04-24T04:24:34.291Z
buy,9197.35,0.19741006,2018-04-24T04:24:34.293Z
sell,9212.0,0.00251,2018-04-24T04:24:34.294Z
buy,9208.78,0.0,2018-04-24T04:24:34.295Z
sell,9230.82,0.9,2018-04-24T04:24:34.296Z
buy,9209.99,6.516361,2018-04-24T04:24:34.299Z
buy,9209.99,9.072261,2018-04-24T04:24:34.301Z
sell,9210.0,0.10341136,2018-04-24T04:24:34.302Z
buy,9165.01,0.0015,2018-04-24T04:24:34.303Z
sell,9213.65,0.01,2018-04-24T04:24:34.305Z
sell,9222.51,0.2,2018-04-24T04:24:34.306Z
buy,9208.99,0.0,2018-04-24T04:24:34.306Z
sell,9233.58,0.9,2018-04-24T04:24:34.307Z
sell,9230.21,0.9,2018-04-24T04:24:34.308Z
sell,9213.66,0.16897621,2018-04-24T04:24:34.312Z
sell,9233.58,0.0,2018-04-24T04:24:34.313Z
sell,9214.0,0.00288,2018-04-24T04:24:34.314Z
sell,9230.21,0.0,2018-04-24T04:24:34.315Z
sell,9230.38,0.001,2018-04-24T04:24:34.318Z
buy,9186.89,0.536045,2018-04-24T04:24:34.323Z
sell,9233.59,0.9,2018-04-24T04:24:34.324Z
buy,9186.89,0.0,2018-04-24T04:24:34.325Z
sell,9236.14,0.9,2018-04-24T04:24:34.328Z
sell,9236.14,0.0,2018-04-24T04:24:34.329Z
buy,9187.43,0.536045,2018-04-24T04:24:34.330Z
sell,9235.36,0.9,2018-04-24T04:24:34.332Z
buy,9198.01,0.0,2018-04-24T04:24:34.341Z
sell,9218.87,0.0,2018-04-24T04:24:34.343Z
buy,9132.51,0.0,2018-04-24T04:24:34.344Z
buy,9198.02,0.0015,2018-04-24T04:24:34.350Z
sell,9219.99,0.015,2018-04-24T04:24:34.351Z
sell,9230.82,1.8,2018-04-24T04:24:34.352Z
sell,9230.82,0.9,2018-04-24T04:24:34.355Z
buy,9199.01,0.015,2018-04-24T04:24:34.372Z
sell,9213.65,0.0,2018-04-24T04:24:34.372Z
sell,9233.59,0.0,2018-04-24T04:24:34.374Z
sell,9230.82,0.0,2018-04-24T04:24:34.375Z
sell,9230.75,0.9,2018-04-24T04:24:34.377Z
sell,9230.75,1.8,2018-04-24T04:24:34.378Z
sell,9233.52,0.9,2018-04-24T04:24:34.380Z
buy,9193.72,0.0,2018-04-24T04:24:34.381Z
buy,9195.01,1.0,2018-04-24T04:24:34.385Z
sell,9214.62,0.0,2018-04-24T04:24:34.395Z
sell,9217.21,0.6692,2018-04-24T04:24:34.402Z
sell,9235.36,0.0,2018-04-24T04:24:34.403Z
buy,9198.02,0.0,2018-04-24T04:24:34.403Z
sell,9230.75,0.9,2018-04-24T04:24:34.404Z
buy,9187.43,0.0,2018-04-24T04:24:34.405Z
sell,9217.91,0.72858775,2018-04-24T04:24:34.411Z
buy,9188.71,0.536045,2018-04-24T04:24:34.412Z
sell,9232.05,0.9,2018-04-24T04:24:34.414Z
sell,9236.65,0.9,2018-04-24T04:24:34.418Z
sell,9232.05,0.0,2018-04-24T04:24:34.418Z
sell,9230.75,0.0,2018-04-24T04:24:34.419Z
sell,9233.52,0.0,2018-04-24T04:24:34.420Z
buy,9165.01,0.0,2018-04-24T04:24:34.426Z
sell,9232.04,0.9,2018-04-24T04:24:34.431Z
sell,9234.81,0.9,2018-04-24T04:24:34.436Z
sell,9232.04,1.8,2018-04-24T04:24:34.438Z
buy,9099.61,0.0015,2018-04-24T04:24:34.472Z
buy,9132.51,0.0015,2018-04-24T04:24:34.477Z
buy,9197.58,0.01,2018-04-24T04:24:34.482Z
sell,9230.38,0.002,2018-04-24T04:24:34.483Z
buy,9207.0,0.001,2018-04-24T04:24:34.484Z
buy,9099.59,0.0,2018-04-24T04:24:34.485Z
buy,9066.61,0.0015,2018-04-24T04:24:34.487Z
buy,9208.65,4.84480626,2018-04-24T04:24:34.488Z
sell,9219.99,0.0,2018-04-24T04:24:34.489Z
sell,9221.99,0.015,2018-04-24T04:24:34.491Z
buy,9197.58,0.0,2018-04-24T04:24:34.496Z
buy,9204.15,0.01,2018-04-24T04:24:34.497Z
buy,9205.0,0.10099999999999999,2018-04-24T04:24:34.499Z
buy,9197.35,0.18741006,2018-04-24T04:24:34.523Z
buy,9197.35,0.19741006,2018-04-24T04:24:34.543Z
sell,9221.99,0.0,2018-04-24T04:24:34.555Z
sell,9219.99,0.015,2018-04-24T04:24:34.563Z
sell,9217.21,0.0,2018-04-24T04:24:34.607Z
sell,9232.04,0.9,2018-04-24T04:24:34.612Z
sell,9214.62,0.7092,2018-04-24T04:24:34.615Z
sell,9232.05,0.9,2018-04-24T04:24:34.623Z
buy,9188.71,0.0,2018-04-24T04:24:34.624Z
sell,9236.65,0.0,2018-04-24T04:24:34.625Z
sell,9224.93,1.0,2018-04-24T04:24:34.627Z
sell,9232.05,0.0,2018-04-24T04:24:34.628Z
sell,9230.75,0.9,2018-04-24T04:24:34.631Z
buy,9066.61,0.0,2018-04-24T04:24:34.633Z
buy,9187.43,0.536045,2018-04-24T04:24:34.638Z
buy,9208.0,0.001,2018-04-24T04:24:34.644Z
sell,9235.36,0.9,2018-04-24T04:24:34.645Z
sell,9232.04,0.0,2018-04-24T04:24:34.651Z
sell,9234.81,0.0,2018-04-24T04:24:34.657Z
sell,9232.05,0.9,2018-04-24T04:24:34.659Z
sell,9232.05,0.0,2018-04-24T04:24:34.661Z
sell,9233.52,0.9,2018-04-24T04:24:34.666Z
buy,9198.02,0.0015,2018-04-24T04:24:34.668Z
sell,9230.75,1.8,2018-04-24T04:24:34.670Z
buy,9165.01,0.0015,2018-04-24T04:24:34.674Z
buy,9209.99,9.10348893,2018-04-24T04:24:34.677Z
buy,9099.61,0.0,2018-04-24T04:24:34.734Z
buy,9206.0,0.001,2018-04-24T04:24:34.739Z
buy,9132.51,0.0,2018-04-24T04:24:34.756Z
buy,9066.61,0.0015,2018-04-24T04:24:34.764Z
buy,9197.8,0.01,2018-04-24T04:24:34.800Z
sell,9274.71,5.0,2018-04-24T04:24:34.861Z
buy,9165.01,0.0,2018-04-24T04:24:34.861Z
buy,9198.02,0.0,2018-04-24T04:24:34.864Z
buy,9099.61,0.0015,2018-04-24T04:24:34.867Z
buy,9132.51,0.0015,2018-04-24T04:24:34.868Z
sell,9210.27,0.10800000000000001,2018-04-24T04:24:34.888Z
buy,9165.01,0.0015,2018-04-24T04:24:34.894Z
buy,9099.61,0.0,2018-04-24T04:24:34.911Z
buy,9198.02,0.0015,2018-04-24T04:24:34.937Z
sell,9229.9,0.0,2018-04-24T04:24:34.946Z
buy,9197.35,0.18741006,2018-04-24T04:24:34.952Z
buy,9197.8,0.0,2018-04-24T04:24:34.954Z
buy,9197.35,0.19741006,2018-04-24T04:24:34.957Z
buy,9071.47,0.0,2018-04-24T04:24:34.961Z
buy,9126.01,0.41839,2018-04-24T04:24:34.987Z
sell,9229.9,2.537,2018-04-24T04:24:34.989Z
buy,9107.8,0.41923999999999995,2018-04-24T04:24:35.003Z
buy,9198.02,0.0,2018-04-24T04:24:35.014Z
sell,9214.62,0.0,2018-04-24T04:24:35.015Z
sell,9214.76,0.7092,2018-04-24T04:24:35.024Z
sell,9233.52,0.0,2018-04-24T04:24:35.026Z
sell,9210.27,0.0,2018-04-24T04:24:35.027Z
sell,9230.75,0.9,2018-04-24T04:24:35.029Z
sell,9234.81,0.9,2018-04-24T04:24:35.032Z
sell,9234.81,0.0,2018-04-24T04:24:35.034Z
sell,9232.05,0.9,2018-04-24T04:24:35.037Z
sell,9232.05,0.0,2018-04-24T04:24:35.038Z
buy,9165.01,0.0,2018-04-24T04:24:35.043Z
buy,9132.51,0.0,2018-04-24T04:24:35.045Z
buy,9099.61,0.0015,2018-04-24T04:24:35.053Z
sell,9233.59,0.9,2018-04-24T04:24:35.055Z
sell,9230.82,0.9,2018-04-24T04:24:35.074Z
buy,9197.35,0.18741006,2018-04-24T04:24:35.075Z
buy,9197.35,0.19741006,2018-04-24T04:24:35.103Z
buy,9187.43,0.0,2018-04-24T04:24:35.104Z
sell,9213.66,0.0010400000000000001,2018-04-24T04:24:35.106Z
buy,9187.42,0.536045,2018-04-24T04:24:35.115Z
sell,9213.67,0.17098477,2018-04-24T04:24:35.118Z
sell,11609.03,0.001,2018-04-24T04:24:35.123Z
buy,9165.01,0.0015,2018-04-24T04:24:35.125Z
buy,9198.02,0.0015,2018-04-24T04:24:35.127Z
buy,9187.42,0.0,2018-04-24T04:24:35.133Z
sell,9230.75,0.0,2018-04-24T04:24:35.135Z
sell,9235.36,0.0,2018-04-24T04:24:35.136Z
buy,9188.71,0.536045,2018-04-24T04:24:35.140Z
sell,9236.65,0.9,2018-04-24T04:24:35.142Z
buy,9188.71,0.0,2018-04-24T04:24:35.142Z
sell,9236.65,0.0,2018-04-24T04:24:35.144Z
sell,9232.05,0.9,2018-04-24T04:24:35.146Z
sell,9232.05,0.0,2018-04-24T04:24:35.147Z
buy,9066.61,0.0,2018-04-24T04:24:35.149Z
sell,9213.67,0.0,2018-04-24T04:24:35.160Z
buy,9197.59,0.01,2018-04-24T04:24:35.174Z
sell,9213.7,0.17098477,2018-04-24T04:24:35.183Z
buy,9132.51,0.0015,2018-04-24T04:24:35.185Z
buy,9187.49,0.536045,2018-04-24T04:24:35.204Z
buy,9197.59,0.0,2018-04-24T04:24:35.207Z
buy,9209.99,24.90348893,2018-04-24T04:24:35.209Z
sell,9235.43,0.9,2018-04-24T04:24:35.213Z
sell,9230.82,1.8,2018-04-24T04:24:35.216Z
sell,9220.19,0.0,2018-04-24T04:24:35.217Z
buy,9208.66,31.4,2018-04-24T04:24:35.221Z
buy,9208.66,24.3,2018-04-24T04:24:35.223Z
buy,9208.66,15.7,2018-04-24T04:24:35.225Z
buy,9187.49,0.0,2018-04-24T04:24:35.232Z
sell,9219.94,0.5,2018-04-24T04:24:35.234Z
buy,9198.02,0.0,2018-04-24T04:24:35.236Z
buy,9187.5,0.536045,2018-04-24T04:24:35.248Z
sell,9213.7,0.0,2018-04-24T04:24:35.249Z
sell,9213.79,0.17098477,2018-04-24T04:24:35.253Z
buy,9132.51,0.0,2018-04-24T04:24:35.257Z
buy,9099.61,0.0,2018-04-24T04:24:35.259Z
buy,9165.01,0.0,2018-04-24T04:24:35.261Z
buy,9066.61,0.0015,2018-04-24T04:24:35.266Z
buy,8953.4,0.0,2018-04-24T04:24:35.317Z
buy,8954.3,0.1,2018-04-24T04:24:35.324Z
sell,9213.79,0.0,2018-04-24T04:24:35.329Z
buy,9066.59,0.0312,2018-04-24T04:24:35.330Z
buy,9198.02,0.0015,2018-04-24T04:24:35.338Z
buy,9165.01,0.0015,2018-04-24T04:24:35.341Z
buy,9132.51,0.0015,2018-04-24T04:24:35.349Z
buy,9099.61,0.0015,2018-04-24T04:24:35.370Z
sell,9215.0,0.17198477,2018-04-24T04:24:35.381Z
sell,9235.43,0.0,2018-04-24T04:24:35.387Z
sell,9210.31,0.10800000000000001,2018-04-24T04:24:35.389Z
sell,9214.76,0.0,2018-04-24T04:24:35.415Z
sell,9230.82,0.9,2018-04-24T04:24:35.422Z
sell,9217.21,0.7092,2018-04-24T04:24:35.424Z
sell,9210.31,0.0,2018-04-24T04:24:35.425Z
buy,9187.5,0.0,2018-04-24T04:24:35.427Z
sell,9233.59,0.0,2018-04-24T04:24:35.428Z
sell,9230.82,0.0,2018-04-24T04:24:35.429Z
buy,9188.72,0.536045,2018-04-24T04:24:35.433Z
sell,9235.44,0.9,2018-04-24T04:24:35.434Z
sell,9234.82,0.9,2018-04-24T04:24:35.436Z
sell,9232.05,0.9,2018-04-24T04:24:35.438Z
sell,9235.44,0.0,2018-04-24T04:24:35.439Z
sell,9232.05,1.8,2018-04-24T04:24:35.440Z
sell,9236.66,0.9,2018-04-24T04:24:35.448Z
sell,9234.82,0.0,2018-04-24T04:24:35.451Z
sell,9234.81,0.9,2018-04-24T04:24:35.460Z
buy,9132.51,0.0,2018-04-24T04:24:35.461Z
buy,9197.35,0.20741006,2018-04-24T04:24:35.466Z
buy,9165.01,0.0,2018-04-24T04:24:35.469Z
buy,9188.72,0.0,2018-04-24T04:24:35.471Z
buy,9198.02,0.0,2018-04-24T04:24:35.479Z
buy,9197.35,0.19741006,2018-04-24T04:24:35.480Z
buy,9099.62,0.0015,2018-04-24T04:24:35.485Z
buy,9188.71,0.536045,2018-04-24T04:24:35.487Z
buy,9099.61,0.0,2018-04-24T04:24:35.493Z
buy,9198.44,0.01,2018-04-24T04:24:35.503Z
buy,9066.62,0.0015,2018-04-24T04:24:35.505Z
sell,9213.66,0.0,2018-04-24T04:24:35.513Z
buy,9198.44,0.0,2018-04-24T04:24:35.538Z
buy,9197.35,0.20741006,2018-04-24T04:24:35.567Z
buy,9197.35,0.19741006,2018-04-24T04:24:35.587Z
buy,9066.62,0.0,2018-04-24T04:24:35.613Z
buy,9165.01,0.0015,2018-04-24T04:24:35.645Z
buy,9132.51,0.0015,2018-04-24T04:24:35.648Z
buy,9099.62,0.0,2018-04-24T04:24:35.671Z
buy,9198.02,0.0015,2018-04-24T04:24:35.699Z
buy,9165.01,0.0,2018-04-24T04:24:35.723Z
sell,9215.0,0.001,2018-04-24T04:24:35.733Z
buy,9132.51,0.0,2018-04-24T04:24:35.739Z
sell,9218.53,0.17098477,2018-04-24T04:24:35.742Z
buy,9066.62,0.0015,2018-04-24T04:24:35.751Z
buy,9099.62,0.0015,2018-04-24T04:24:35.783Z
buy,9198.02,0.0,2018-04-24T04:24:35.793Z
sell,9214.77,0.11012000000000001,2018-04-24T04:24:35.799Z
buy,9165.01,0.0015,2018-04-24T04:24:35.820Z
sell,9218.53,0.0,2018-04-24T04:24:35.821Z
buy,9132.51,0.0015,2018-04-24T04:24:35.825Z
buy,9198.13,0.01,2018-04-24T04:24:35.831Z
sell,9218.56,0.17098477,2018-04-24T04:24:35.863Z
buy,9099.62,0.0,2018-04-24T04:24:35.895Z
buy,9198.02,0.0015,2018-04-24T04:24:35.933Z
buy,8954.3,0.0,2018-04-24T04:24:35.954Z
buy,8953.62,0.0,2018-04-24T04:24:35.955Z
buy,8951.69,0.1,2018-04-24T04:24:35.965Z
buy,9126.01,0.0,2018-04-24T04:24:35.966Z
buy,9107.8,0.24325,2018-04-24T04:24:35.968Z
buy,9165.01,0.0,2018-04-24T04:24:35.972Z
buy,9107.8,0.29549000000000003,2018-04-24T04:24:35.975Z
sell,9218.56,0.0,2018-04-24T04:24:35.987Z
buy,9132.51,0.0,2018-04-24T04:24:35.988Z
buy,9071.47,0.42091000000000006,2018-04-24T04:24:35.992Z
buy,9099.62,0.0015,2018-04-24T04:24:35.995Z
buy,9198.13,0.0,2018-04-24T04:24:36.016Z
sell,9215.0,0.17198477,2018-04-24T04:24:36.051Z
sell,9217.21,0.0,2018-04-24T04:24:36.054Z
buy,9188.71,0.0,2018-04-24T04:24:36.056Z
sell,9214.99,0.6934,2018-04-24T04:24:36.058Z
buy,9198.02,0.0,2018-04-24T04:24:36.059Z
buy,9188.72,0.536045,2018-04-24T04:24:36.066Z
sell,9232.05,0.9,2018-04-24T04:24:36.066Z
sell,9236.66,0.0,2018-04-24T04:24:36.071Z
buy,9188.72,0.0,2018-04-24T04:24:36.072Z
sell,9232.05,0.0,2018-04-24T04:24:36.074Z
sell,9234.81,0.0,2018-04-24T04:24:36.076Z
buy,9165.01,0.0015,2018-04-24T04:24:36.077Z
sell,9230.93,0.9,2018-04-24T04:24:36.079Z
sell,9235.55,0.9,2018-04-24T04:24:36.080Z
sell,9233.7,0.9,2018-04-24T04:24:36.082Z
buy,9187.61,0.536045,2018-04-24T04:24:36.084Z
sell,9230.93,1.8,2018-04-24T04:24:36.086Z
sell,9214.62,1.703,2018-04-24T04:24:36.112Z
sell,9230.93,0.9,2018-04-24T04:24:36.120Z
buy,9187.61,0.0,2018-04-24T04:24:36.125Z
sell,9235.55,0.0,2018-04-24T04:24:36.128Z
buy,9099.62,0.0,2018-04-24T04:24:36.129Z
sell,9235.36,0.9,2018-04-24T04:24:36.131Z
sell,9233.7,0.0,2018-04-24T04:24:36.135Z
sell,9230.93,0.0,2018-04-24T04:24:36.137Z
buy,9187.43,0.536045,2018-04-24T04:24:36.141Z
sell,9230.75,0.9,2018-04-24T04:24:36.143Z
sell,9233.52,0.9,2018-04-24T04:24:36.146Z
sell,9230.75,1.8,2018-04-24T04:24:36.148Z
buy,9132.51,0.0015,2018-04-24T04:24:36.159Z
buy,9066.62,0.0,2018-04-24T04:24:36.170Z
buy,9196.25,0.01,2018-04-24T04:24:36.194Z
buy,9198.02,0.0015,2018-04-24T04:24:36.196Z
buy,9209.99,42.10348893,2018-04-24T04:24:36.197Z
sell,9214.99,0.0,2018-04-24T04:24:36.201Z
buy,9165.01,0.0,2018-04-24T04:24:36.206Z
buy,9208.66,0.0,2018-04-24T04:24:36.207Z
buy,9099.62,0.0015,2018-04-24T04:24:36.212Z
sell,9496.0,0.01,2018-04-24T04:24:36.265Z
buy,9196.25,0.0,2018-04-24T04:24:36.267Z
buy,9132.51,0.0,2018-04-24T04:24:36.274Z
buy,9198.02,0.0,2018-04-24T04:24:36.275Z
buy,9066.62,0.0015,2018-04-24T04:24:36.282Z
buy,9208.65,4.62366626,2018-04-24T04:24:36.301Z
sell,9214.77,0.1087,2018-04-24T04:24:36.310Z
buy,9165.01,0.0015,2018-04-24T04:24:36.368Z
buy,9132.51,0.0015,2018-04-24T04:24:36.405Z
buy,9099.62,0.0,2018-04-24T04:24:36.418Z
buy,9198.02,0.0015,2018-04-24T04:24:36.431Z
sell,9269.13,0.0,2018-04-24T04:24:36.442Z
sell,9371.93,0.0,2018-04-24T04:24:36.444Z
sell,9265.69,9.411,2018-04-24T04:24:36.461Z
sell,9368.59,1.5919999999999999,2018-04-24T04:24:36.464Z
sell,9215.0,4.17198477,2018-04-24T04:24:36.478Z
buy,9132.51,0.0,2018-04-24T04:24:36.502Z
buy,9165.01,0.0,2018-04-24T04:24:36.523Z
buy,9198.02,0.0,2018-04-24T04:24:36.633Z
buy,9195.83,0.01,2018-04-24T04:24:36.642Z
buy,9099.64,0.0015,2018-04-24T04:24:36.647Z
buy,9066.64,0.0015,2018-04-24T04:24:36.688Z
buy,9195.83,0.0,2018-04-24T04:24:36.691Z
buy,9165.01,0.0015,2018-04-24T04:24:36.695Z
buy,9132.51,0.0015,2018-04-24T04:24:36.698Z
buy,9165.01,0.0,2018-04-24T04:24:36.762Z
buy,9198.02,0.0015,2018-04-24T04:24:36.788Z
buy,9066.64,0.0,2018-04-24T04:24:36.826Z
buy,9165.01,0.0015,2018-04-24T04:24:36.849Z
buy,9132.51,0.0,2018-04-24T04:24:36.905Z
