side,price,size,time
buy,9144.26,0.11244000000000001,2018-04-24T04:40:49.111Z
buy,9144.26,0.12043,2018-04-24T04:40:49.201Z
buy,9220.88,8.21710931,2018-04-24T04:40:49.203Z
buy,9183.05,0.01,2018-04-24T04:40:49.205Z
sell,10142.98,0.01,2018-04-24T04:40:49.214Z
buy,9167.01,0.0,2018-04-24T04:40:49.223Z
buy,9135.01,0.001,2018-04-24T04:40:49.243Z
buy,9201.67,0.0,2018-04-24T04:40:49.244Z
buy,9102.69,0.0015,2018-04-24T04:40:49.250Z
sell,9224.98,0.6619,2018-04-24T04:40:49.403Z
buy,9102.67,0.0,2018-04-24T04:40:49.480Z
buy,9069.69,0.0015,2018-04-24T04:40:49.508Z
buy,9135.01,0.0025,2018-04-24T04:40:49.525Z
buy,9102.69,0.0,2018-04-24T04:40:49.545Z
buy,9167.01,0.0015,2018-04-24T04:40:49.569Z
buy,9201.67,0.0015,2018-04-24T04:40:49.575Z
buy,9135.01,0.001,2018-04-24T04:40:49.620Z
buy,9102.69,0.0015,2018-04-24T04:40:49.630Z
buy,9202.0,4.01425682,2018-04-24T04:40:49.636Z
sell,9234.8,0.001,2018-04-24T04:40:49.791Z
buy,9201.67,0.0,2018-04-24T04:40:49.825Z
buy,9167.01,0.0,2018-04-24T04:40:49.843Z
buy,9135.01,0.0025,2018-04-24T04:40:49.851Z
buy,9069.69,0.0,2018-04-24T04:40:49.889Z
sell,9248.26,0.0,2018-04-24T04:40:49.900Z
buy,9201.67,0.0015,2018-04-24T04:40:49.909Z
buy,9183.05,0.0,2018-04-24T04:40:49.921Z
buy,9102.69,0.0,2018-04-24T04:40:49.926Z
sell,9248.18,0.005,2018-04-24T04:40:49.930Z
buy,9167.01,0.0015,2018-04-24T04:40:49.934Z
buy,9201.67,0.0,2018-04-24T04:40:49.984Z
buy,9135.01,0.001,2018-04-24T04:40:49.985Z
buy,9069.69,0.0015,2018-04-24T04:40:49.993Z
buy,9167.01,0.0,2018-04-24T04:40:50.019Z
buy,9102.69,0.0015,2018-04-24T04:40:50.055Z
buy,9069.54,0.0,2018-04-24T04:40:50.079Z
sell,9255.28,0.0,2018-04-24T04:40:50.093Z
buy,9135.01,0.0025,2018-04-24T04:40:50.110Z
buy,9144.26,0.11244000000000001,2018-04-24T04:40:50.111Z
buy,9144.26,0.10544,2018-04-24T04:40:50.113Z
buy,9144.26,0.10173,2018-04-24T04:40:50.114Z
buy,9102.69,0.0,2018-04-24T04:40:50.134Z
buy,9167.01,0.0015,2018-04-24T04:40:50.162Z
buy,9201.67,0.0015,2018-04-24T04:40:50.165Z
buy,9220.88,8.21117279,2018-04-24T04:40:50.403Z
buy,9167.01,0.0,2018-04-24T04:40:50.434Z
buy,9135.01,0.001,2018-04-24T04:40:50.462Z
buy,9201.67,0.0,2018-04-24T04:40:50.466Z
buy,9102.71,0.0015,2018-04-24T04:40:50.469Z
buy,9102.71,0.0,2018-04-24T04:40:50.579Z
buy,9069.71,0.0015,2018-04-24T04:40:50.609Z
buy,9201.67,0.0015,2018-04-24T04:40:50.612Z
buy,9069.58,0.0,2018-04-24T04:40:50.623Z
buy,9167.01,0.0015,2018-04-24T04:40:50.629Z
buy,9135.01,0.0025,2018-04-24T04:40:50.632Z
buy,9201.67,0.0,2018-04-24T04:40:50.693Z
buy,9220.88,8.21710931,2018-04-24T04:40:50.713Z
buy,9102.71,0.0015,2018-04-24T04:40:50.762Z
buy,9135.01,0.001,2018-04-24T04:40:50.765Z
buy,9201.67,0.0015,2018-04-24T04:40:50.804Z
buy,9167.01,0.0,2018-04-24T04:40:50.813Z
buy,9135.01,0.0025,2018-04-24T04:40:50.822Z
sell,9220.89,0.79092293,2018-04-24T04:40:50.857Z
buy,9192.97,0.0,2018-04-24T04:40:51.001Z
sell,9230.44,0.0,2018-04-24T04:40:51.069Z
sell,9230.69,0.5,2018-04-24T04:40:51.072Z
sell,9248.18,0.0,2018-04-24T04:40:51.181Z
sell,9248.08,0.005,2018-04-24T04:40:51.185Z
buy,9183.92,0.01,2018-04-24T04:40:51.186Z
buy,9144.26,0.41755,2018-04-24T04:40:51.188Z
sell,9224.98,0.0,2018-04-24T04:40:51.413Z
sell,9224.3,0.6619,2018-04-24T04:40:51.414Z
buy,9190.95,0.0054,2018-04-24T04:40:51.482Z
buy,9198.81,2.515,2018-04-24T04:40:51.517Z
buy,9170.3,0.0,2018-04-24T04:40:51.619Z
sell,9220.89,0.60113539,2018-04-24T04:40:51.849Z
buy,9102.71,0.0,2018-04-24T04:40:51.859Z
buy,9201.67,0.0,2018-04-24T04:40:51.883Z
buy,9135.01,0.001,2018-04-24T04:40:51.884Z
buy,9069.73,0.0015,2018-04-24T04:40:51.928Z
buy,9167.01,0.0015,2018-04-24T04:40:51.930Z
buy,9102.73,0.0015,2018-04-24T04:40:51.932Z
buy,9220.88,8.21117279,2018-04-24T04:40:51.933Z
sell,9224.3,0.0,2018-04-24T04:40:52.171Z
sell,9224.98,0.6619,2018-04-24T04:40:52.179Z
sell,9232.87,0.001,2018-04-24T04:40:52.193Z
sell,9230.69,0.0,2018-04-24T04:40:52.194Z
sell,9230.44,0.5,2018-04-24T04:40:52.212Z
sell,9248.08,0.0,2018-04-24T04:40:52.254Z
sell,9224.98,0.0,2018-04-24T04:40:52.258Z
buy,9220.88,8.21710931,2018-04-24T04:40:52.259Z
buy,9183.92,0.0,2018-04-24T04:40:52.260Z
sell,9247.98,0.005,2018-04-24T04:40:52.262Z
buy,9202.01,0.015,2018-04-24T04:40:52.265Z
buy,9069.71,0.0,2018-04-24T04:40:52.371Z
buy,9184.94,0.001,2018-04-24T04:40:52.395Z
buy,9201.67,0.0015,2018-04-24T04:40:52.427Z
buy,9167.01,0.0,2018-04-24T04:40:52.430Z
buy,9135.01,0.0025,2018-04-24T04:40:52.434Z
buy,8949.77,0.0,2018-04-24T04:40:52.492Z
sell,9220.89,0.56437289,2018-04-24T04:40:52.496Z
buy,8948.69,0.1,2018-04-24T04:40:52.503Z
buy,8948.83,0.0,2018-04-24T04:40:52.506Z
buy,9198.81,0.0,2018-04-24T04:40:52.508Z
sell,9220.89,0.52705735,2018-04-24T04:40:52.636Z
sell,9220.89,0.41860795,2018-04-24T04:40:52.639Z
sell,9220.89,0.41746942,2018-04-24T04:40:52.642Z
sell,9220.89,0.35971942,2018-04-24T04:40:52.645Z
sell,9220.89,0.35855942,2018-04-24T04:40:52.647Z
sell,9220.89,0.33015047,2018-04-24T04:40:52.651Z
buy,9201.67,0.0,2018-04-24T04:40:52.661Z
sell,9220.89,3.63330233,2018-04-24T04:40:52.666Z
sell,9220.89,3.74175173,2018-04-24T04:40:52.669Z
buy,9196.03,0.0,2018-04-24T04:40:52.672Z
sell,9244.01,0.0,2018-04-24T04:40:52.673Z
sell,9242.17,0.0,2018-04-24T04:40:52.674Z
sell,9239.4,0.9,2018-04-24T04:40:52.675Z
sell,9239.4,0.0,2018-04-24T04:40:52.675Z
buy,9195.97,0.536045,2018-04-24T04:40:52.678Z
sell,9239.34,0.9,2018-04-24T04:40:52.680Z
sell,9239.34,1.8,2018-04-24T04:40:52.681Z
sell,9242.11,0.9,2018-04-24T04:40:52.685Z
sell,9243.95,0.9,2018-04-24T04:40:52.690Z
buy,8298.79,0.0,2018-04-24T04:40:52.804Z
buy,9135.01,0.001,2018-04-24T04:40:52.806Z
buy,9167.01,0.0015,2018-04-24T04:40:52.841Z
sell,9224.98,0.6619,2018-04-24T04:40:52.843Z
buy,9201.67,0.0015,2018-04-24T04:40:52.865Z
sell,9220.89,3.74352173,2018-04-24T04:40:52.867Z
buy,9167.01,0.0,2018-04-24T04:40:52.924Z
buy,9135.01,0.0025,2018-04-24T04:40:52.955Z
buy,9194.22,2.515,2018-04-24T04:40:53.012Z
buy,9201.67,0.0,2018-04-24T04:40:53.102Z
buy,9135.01,0.001,2018-04-24T04:40:53.124Z
buy,9102.73,0.0,2018-04-24T04:40:53.126Z
buy,9102.76,0.0015,2018-04-24T04:40:53.134Z
buy,9069.76,0.0015,2018-04-24T04:40:53.136Z
buy,9069.76,0.0,2018-04-24T04:40:53.204Z
buy,9167.01,0.0015,2018-04-24T04:40:53.213Z
buy,9201.67,0.0015,2018-04-24T04:40:53.227Z
buy,9135.01,0.0025,2018-04-24T04:40:53.230Z
sell,9247.98,0.0,2018-04-24T04:40:53.270Z
buy,9102.76,0.0,2018-04-24T04:40:53.274Z
buy,9167.01,0.0,2018-04-24T04:40:53.292Z
buy,9069.76,0.0015,2018-04-24T04:40:53.303Z
sell,9247.86,0.005,2018-04-24T04:40:53.305Z
buy,9184.84,0.01,2018-04-24T04:40:53.309Z
buy,9201.67,0.0,2018-04-24T04:40:53.342Z
buy,9167.01,0.0015,2018-04-24T04:40:53.358Z
buy,9135.01,0.001,2018-04-24T04:40:53.368Z
buy,9102.76,0.0015,2018-04-24T04:40:53.394Z
buy,9201.67,0.0015,2018-04-24T04:40:53.397Z
buy,9167.01,0.0,2018-04-24T04:40:53.405Z
buy,9135.01,0.0025,2018-04-24T04:40:53.414Z
buy,9220.88,8.21117279,2018-04-24T04:40:53.454Z
buy,9220.88,8.21710931,2018-04-24T04:40:53.798Z
sell,9224.98,0.0,2018-04-24T04:40:53.997Z
buy,9201.67,0.0,2018-04-24T04:40:54.028Z
buy,9167.01,0.0015,2018-04-24T04:40:54.060Z
buy,9135.01,0.001,2018-04-24T04:40:54.182Z
buy,9167.01,0.0,2018-04-24T04:40:54.201Z
sell,10142.98,0.0,2018-04-24T04:40:54.203Z
buy,9102.78,0.0015,2018-04-24T04:40:54.211Z
buy,9102.76,0.0,2018-04-24T04:40:54.228Z
buy,9069.78,0.0015,2018-04-24T04:40:54.234Z
buy,9167.01,0.0015,2018-04-24T04:40:54.283Z
buy,9201.67,0.0015,2018-04-24T04:40:54.286Z
sell,9247.86,0.0,2018-04-24T04:40:54.330Z
buy,9184.84,0.0,2018-04-24T04:40:54.361Z
buy,9201.67,0.0,2018-04-24T04:40:54.363Z
sell,9247.73,0.005,2018-04-24T04:40:54.371Z
buy,9167.01,0.0,2018-04-24T04:40:54.384Z
buy,9135.01,0.0025,2018-04-24T04:40:54.393Z
buy,9069.45,0.0,2018-04-24T04:40:54.426Z
buy,9201.67,0.0015,2018-04-24T04:40:54.452Z
buy,9167.01,0.0015,2018-04-24T04:40:54.455Z
buy,9220.73,6.03755806,2018-04-24T04:40:54.741Z
sell,9220.89,4.28552173,2018-04-24T04:40:54.960Z
sell,9224.98,0.6703,2018-04-24T04:40:54.972Z
buy,9220.88,8.21117279,2018-04-24T04:40:55.005Z
buy,9144.26,0.10173,2018-04-24T04:40:55.117Z
buy,9144.26,0.12678,2018-04-24T04:40:55.138Z
sell,9224.98,0.0,2018-04-24T04:40:55.323Z
buy,9220.88,8.21710931,2018-04-24T04:40:55.356Z
sell,9247.73,0.0,2018-04-24T04:40:55.364Z
buy,9201.67,0.0,2018-04-24T04:40:55.379Z
sell,9247.58,0.005,2018-04-24T04:40:55.394Z
buy,9185.8,0.01,2018-04-24T04:40:55.399Z
buy,9102.78,0.0,2018-04-24T04:40:55.400Z
buy,9135.01,0.001,2018-04-24T04:40:55.402Z
buy,9167.01,0.0,2018-04-24T04:40:55.403Z
buy,9102.8,0.0015,2018-04-24T04:40:55.410Z
buy,9069.8,0.0015,2018-04-24T04:40:55.413Z
buy,9102.8,0.0,2018-04-24T04:40:55.523Z
buy,9201.67,0.0015,2018-04-24T04:40:55.535Z
buy,9167.01,0.0015,2018-04-24T04:40:55.551Z
buy,9135.01,0.0025,2018-04-24T04:40:55.570Z
sell,9224.98,0.6703,2018-04-24T04:40:55.650Z
buy,9135.01,0.001,2018-04-24T04:40:55.682Z
buy,9167.01,0.0,2018-04-24T04:40:55.721Z
buy,9201.67,0.0,2018-04-24T04:40:55.723Z
buy,9102.8,0.0015,2018-04-24T04:40:55.724Z
buy,9167.01,0.0015,2018-04-24T04:40:55.799Z
buy,9135.01,0.0025,2018-04-24T04:40:55.803Z
sell,9220.89,4.27472003,2018-04-24T04:40:55.814Z
sell,9220.89,3.73272003,2018-04-24T04:40:55.823Z
buy,9102.8,0.0,2018-04-24T04:40:55.845Z
buy,9201.67,0.0015,2018-04-24T04:40:55.864Z
buy,9135.01,0.001,2018-04-24T04:40:55.896Z
buy,9167.01,0.0,2018-04-24T04:40:55.912Z
buy,9102.8,0.0015,2018-04-24T04:40:55.919Z
buy,9201.67,0.0,2018-04-24T04:40:55.950Z
buy,9135.01,0.0025,2018-04-24T04:40:55.980Z
buy,9167.01,0.0015,2018-04-24T04:40:55.984Z
buy,9102.8,0.0,2018-04-24T04:40:56.026Z
buy,9201.67,0.0015,2018-04-24T04:40:56.036Z
buy,9167.01,0.0,2018-04-24T04:40:56.063Z
buy,9135.83,0.0015,2018-04-24T04:40:56.109Z
buy,9144.26,0.37026,2018-04-24T04:40:56.125Z
buy,9135.01,0.001,2018-04-24T04:40:56.185Z
buy,9135.83,0.0,2018-04-24T04:40:56.216Z
buy,9201.67,0.0,2018-04-24T04:40:56.217Z
buy,9102.82,0.0015,2018-04-24T04:40:56.220Z
buy,9069.82,0.0015,2018-04-24T04:40:56.222Z
buy,9167.01,0.0015,2018-04-24T04:40:56.234Z
sell,9230.44,0.0,2018-04-24T04:40:56.256Z
buy,9069.82,0.0,2018-04-24T04:40:56.262Z
sell,9230.69,0.5,2018-04-24T04:40:56.274Z
buy,9201.67,0.0015,2018-04-24T04:40:56.309Z
buy,9135.83,0.0015,2018-04-24T04:40:56.311Z
sell,9224.98,0.0,2018-04-24T04:40:56.343Z
sell,9247.58,0.0,2018-04-24T04:40:56.406Z
buy,9185.8,0.0,2018-04-24T04:40:56.431Z
sell,9247.42,0.005,2018-04-24T04:40:56.437Z
buy,9195.0,0.58528721,2018-04-24T04:40:56.460Z
buy,9167.01,0.0,2018-04-24T04:40:56.481Z
buy,9102.82,0.0,2018-04-24T04:40:56.501Z
buy,9135.83,0.0,2018-04-24T04:40:56.503Z
buy,9201.67,0.0,2018-04-24T04:40:56.504Z
buy,9069.82,0.0015,2018-04-24T04:40:56.509Z
buy,9194.22,0.0,2018-04-24T04:40:56.554Z
buy,9220.88,8.21117279,2018-04-24T04:40:56.561Z
buy,9069.82,0.0,2018-04-24T04:40:56.570Z
buy,9167.01,0.0015,2018-04-24T04:40:56.602Z
sell,9230.69,0.0,2018-04-24T04:40:56.603Z
buy,9135.83,0.0015,2018-04-24T04:40:56.604Z
sell,9230.44,0.5,2018-04-24T04:40:56.621Z
buy,9102.82,0.0015,2018-04-24T04:40:56.629Z
buy,9069.69,0.0,2018-04-24T04:40:56.640Z
buy,9201.67,0.0015,2018-04-24T04:40:56.751Z
sell,9220.89,3.73483464,2018-04-24T04:40:56.767Z
sell,9220.89,4.28283464,2018-04-24T04:40:56.785Z
sell,9224.98,0.6681,2018-04-24T04:40:56.802Z
buy,9167.01,0.0,2018-04-24T04:40:56.810Z
buy,9135.83,0.0,2018-04-24T04:40:56.835Z
buy,9102.82,0.0,2018-04-24T04:40:56.837Z
buy,9201.67,0.0,2018-04-24T04:40:56.838Z
buy,9069.82,0.0015,2018-04-24T04:40:56.869Z
buy,9167.01,0.0015,2018-04-24T04:40:56.875Z
buy,9135.83,0.0015,2018-04-24T04:40:56.880Z
buy,9220.88,8.21710931,2018-04-24T04:40:56.890Z
buy,9198.82,2.515,2018-04-24T04:40:56.905Z
buy,9069.82,0.0,2018-04-24T04:40:56.905Z
buy,9201.67,0.0015,2018-04-24T04:40:56.928Z
buy,9167.01,0.0,2018-04-24T04:40:56.933Z
buy,9102.82,0.0015,2018-04-24T04:40:56.941Z
buy,9135.83,0.0,2018-04-24T04:40:56.986Z
buy,9201.67,0.0,2018-04-24T04:40:56.994Z
buy,9069.82,0.0015,2018-04-24T04:40:57.016Z
buy,9102.82,0.0,2018-04-24T04:40:57.046Z
buy,9201.67,0.0015,2018-04-24T04:40:57.063Z
buy,9167.01,0.0015,2018-04-24T04:40:57.072Z
buy,9135.83,0.0015,2018-04-24T04:40:57.107Z
buy,9201.67,0.0,2018-04-24T04:40:57.110Z
buy,9069.84,0.0015,2018-04-24T04:40:57.117Z
buy,9144.26,0.12678,2018-04-24T04:40:57.119Z
buy,9220.88,8.11060931,2018-04-24T04:40:57.139Z
buy,9144.26,0.14552,2018-04-24T04:40:57.145Z
buy,9069.82,0.0,2018-04-24T04:40:57.228Z
buy,9201.84,0.0015,2018-04-24T04:40:57.257Z
buy,9167.01,0.0,2018-04-24T04:40:57.296Z
buy,9135.83,0.0,2018-04-24T04:40:57.297Z
buy,9102.84,0.0015,2018-04-24T04:40:57.300Z
buy,9220.88,10.46060931,2018-04-24T04:40:57.301Z
buy,9195.97,0.0,2018-04-24T04:40:57.313Z
buy,9195.98,0.536045,2018-04-24T04:40:57.324Z
buy,9201.84,0.0,2018-04-24T04:40:57.346Z
buy,9167.01,0.0015,2018-04-24T04:40:57.373Z
buy,9069.84,0.0,2018-04-24T04:40:57.392Z
buy,9201.84,0.0015,2018-04-24T04:40:57.419Z
buy,9184.96,0.001,2018-04-24T04:40:57.440Z
buy,9167.01,0.0,2018-04-24T04:40:57.442Z
buy,9102.84,0.0,2018-04-24T04:40:57.443Z
buy,9135.83,0.0015,2018-04-24T04:40:57.462Z
sell,9247.42,0.0,2018-04-24T04:40:57.464Z
buy,9069.84,0.0015,2018-04-24T04:40:57.467Z
buy,9186.84,0.01,2018-04-24T04:40:57.488Z
sell,9247.25,0.005,2018-04-24T04:40:57.490Z
buy,9201.84,0.0,2018-04-24T04:40:57.522Z
buy,9135.83,0.0,2018-04-24T04:40:57.543Z
buy,9167.01,0.0015,2018-04-24T04:40:57.550Z
buy,9102.84,0.0015,2018-04-24T04:40:57.568Z
buy,9220.88,10.45959931,2018-04-24T04:40:57.570Z
buy,9220.88,10.46127931,2018-04-24T04:40:57.573Z
buy,9069.84,0.0,2018-04-24T04:40:57.579Z
buy,9201.84,0.0015,2018-04-24T04:40:57.606Z
buy,9135.83,0.0015,2018-04-24T04:40:57.638Z
buy,9220.88,10.82127931,2018-04-24T04:40:58.037Z
sell,9220.89,4.28451556,2018-04-24T04:40:58.039Z
buy,9201.84,0.0,2018-04-24T04:40:58.072Z
buy,9220.88,10.81534279,2018-04-24T04:40:58.085Z
buy,9167.01,0.0,2018-04-24T04:40:58.094Z
buy,9102.84,0.0,2018-04-24T04:40:58.095Z
buy,9135.83,0.0,2018-04-24T04:40:58.097Z
buy,9069.84,0.0015,2018-04-24T04:40:58.102Z
buy,9144.26,0.12678,2018-04-24T04:40:58.119Z
buy,9144.26,0.10173,2018-04-24T04:40:58.123Z
buy,9144.26,0.11352000000000001,2018-04-24T04:40:58.181Z
buy,9220.88,10.82127931,2018-04-24T04:40:58.426Z
buy,9220.88,10.82530388,2018-04-24T04:40:58.446Z
buy,9069.84,0.0,2018-04-24T04:40:58.461Z
buy,9135.83,0.0015,2018-04-24T04:40:58.516Z
buy,9102.87,0.0015,2018-04-24T04:40:58.518Z
sell,9247.25,0.0,2018-04-24T04:40:58.520Z
buy,9069.87,0.0015,2018-04-24T04:40:58.521Z
buy,9201.84,0.0015,2018-04-24T04:40:58.523Z
buy,9135.83,0.0,2018-04-24T04:40:58.527Z
buy,9167.01,0.0015,2018-04-24T04:40:58.530Z
buy,9186.84,0.0,2018-04-24T04:40:58.533Z
sell,9247.06,0.005,2018-04-24T04:40:58.539Z
buy,9201.84,0.0,2018-04-24T04:40:58.640Z
buy,9167.01,0.0,2018-04-24T04:40:58.677Z
buy,9135.83,0.0015,2018-04-24T04:40:58.678Z
buy,9102.87,0.0,2018-04-24T04:40:58.683Z
buy,9167.01,0.0015,2018-04-24T04:40:58.701Z
buy,9201.84,0.0015,2018-04-24T04:40:58.759Z
buy,9201.84,0.0,2018-04-24T04:40:59.115Z
buy,9167.01,0.0,2018-04-24T04:40:59.132Z
buy,9135.83,0.0,2018-04-24T04:40:59.135Z
buy,9102.89,0.0015,2018-04-24T04:40:59.144Z
buy,9102.89,0.0,2018-04-24T04:40:59.201Z
sell,9220.89,4.28587115,2018-04-24T04:40:59.214Z
buy,9069.87,0.0,2018-04-24T04:40:59.222Z
buy,9069.89,0.0015,2018-04-24T04:40:59.232Z
buy,9187.38,0.01,2018-04-24T04:40:59.236Z
buy,9201.84,0.0015,2018-04-24T04:40:59.237Z
buy,9167.01,0.0015,2018-04-24T04:40:59.247Z
buy,9135.83,0.0015,2018-04-24T04:40:59.264Z
buy,9201.84,0.0,2018-04-24T04:40:59.300Z
sell,9224.98,0.0,2018-04-24T04:40:59.317Z
buy,9102.89,0.0015,2018-04-24T04:40:59.329Z
buy,9220.88,10.81936736,2018-04-24T04:40:59.623Z
sell,9247.06,0.0,2018-04-24T04:40:59.708Z
buy,9187.38,0.0,2018-04-24T04:40:59.716Z
sell,9246.85,0.005,2018-04-24T04:40:59.724Z
buy,9167.01,0.0,2018-04-24T04:40:59.765Z
buy,9201.84,0.0015,2018-04-24T04:40:59.774Z
buy,9220.88,10.45936736,2018-04-24T04:40:59.881Z
buy,9182.01,0.0,2018-04-24T04:41:00.082Z
buy,9155.8,0.0,2018-04-24T04:41:00.083Z
buy,9155.8,1.3969999999999998,2018-04-24T04:41:00.114Z
buy,9201.84,0.0,2018-04-24T04:41:00.119Z
buy,9135.83,0.0,2018-04-24T04:41:00.139Z
buy,9167.01,0.0015,2018-04-24T04:41:00.149Z
buy,9102.91,0.0015,2018-04-24T04:41:00.155Z
sell,9255.28,0.15,2018-04-24T04:41:00.186Z
buy,9220.88,10.46530388,2018-04-24T04:41:00.218Z
buy,9102.89,0.0,2018-04-24T04:41:00.252Z
buy,9102.91,0.0,2018-04-24T04:41:00.332Z
buy,9167.01,0.0,2018-04-24T04:41:00.337Z
buy,9069.91,0.0015,2018-04-24T04:41:00.341Z
buy,9135.83,0.0015,2018-04-24T04:41:00.373Z
buy,9201.84,0.0015,2018-04-24T04:41:00.375Z
buy,9102.91,0.0015,2018-04-24T04:41:00.392Z
buy,9201.84,0.0,2018-04-24T04:41:00.403Z
buy,9167.01,0.0015,2018-04-24T04:41:00.421Z
sell,9246.85,0.0,2018-04-24T04:41:00.800Z
sell,9246.64,0.005,2018-04-24T04:41:00.848Z
buy,9188.5,0.01,2018-04-24T04:41:00.850Z
buy,9218.0,0.001,2018-04-24T04:41:00.918Z
buy,9069.91,0.0,2018-04-24T04:41:01.037Z
buy,9201.84,0.0015,2018-04-24T04:41:01.064Z
buy,9201.84,0.0,2018-04-24T04:41:01.136Z
buy,9144.26,0.12536,2018-04-24T04:41:01.154Z
buy,9135.83,0.0,2018-04-24T04:41:01.160Z
buy,9167.01,0.0,2018-04-24T04:41:01.162Z
buy,9102.91,0.0,2018-04-24T04:41:01.164Z
buy,9069.91,0.0015,2018-04-24T04:41:01.167Z
buy,9069.91,0.0,2018-04-24T04:41:01.294Z
buy,9102.93,0.0015,2018-04-24T04:41:01.329Z
buy,9069.93,0.0015,2018-04-24T04:41:01.333Z
buy,9201.84,0.0015,2018-04-24T04:41:01.336Z
buy,9167.01,0.0015,2018-04-24T04:41:01.357Z
sell,9405.3,0.0491,2018-04-24T04:41:01.369Z
buy,9201.84,0.0,2018-04-24T04:41:01.400Z
buy,9135.83,0.0015,2018-04-24T04:41:01.442Z
buy,9220.88,10.45936736,2018-04-24T04:41:01.443Z
buy,9167.01,0.0,2018-04-24T04:41:01.457Z
buy,9201.84,0.0015,2018-04-24T04:41:01.507Z
buy,8200.0,26.5792827,2018-04-24T04:41:01.510Z
sell,9220.89,4.28733505,2018-04-24T04:41:01.548Z
buy,9069.17,0.01,2018-04-24T04:41:01.590Z
buy,9201.84,0.0,2018-04-24T04:41:01.612Z
buy,9167.01,0.0015,2018-04-24T04:41:01.635Z
buy,9219.61,0.01,2018-04-24T04:41:01.693Z
buy,9220.88,10.46530388,2018-04-24T04:41:01.771Z
buy,9219.61,0.0,2018-04-24T04:41:01.773Z
buy,9219.67,0.01,2018-04-24T04:41:01.782Z
buy,9135.83,0.0,2018-04-24T04:41:01.797Z
buy,9219.67,0.0,2018-04-24T04:41:01.823Z
buy,9201.84,0.0015,2018-04-24T04:41:01.846Z
buy,9220.88,10.47530388,2018-04-24T04:41:01.848Z
sell,9246.64,0.0,2018-04-24T04:41:01.849Z
buy,9219.63,0.030498,2018-04-24T04:41:01.852Z
buy,9188.5,0.0,2018-04-24T04:41:01.879Z
sell,9246.39,0.005,2018-04-24T04:41:01.888Z
buy,9167.01,0.0,2018-04-24T04:41:01.895Z
buy,9201.84,0.0,2018-04-24T04:41:01.918Z
buy,9135.83,0.0015,2018-04-24T04:41:01.929Z
buy,9167.01,0.0015,2018-04-24T04:41:01.975Z
buy,9144.26,0.11352000000000001,2018-04-24T04:41:02.128Z
buy,9144.26,0.10173,2018-04-24T04:41:02.136Z
buy,9144.26,0.11015,2018-04-24T04:41:02.147Z
buy,9219.63,0.032077999999999995,2018-04-24T04:41:02.175Z
sell,9230.44,0.0,2018-04-24T04:41:02.177Z
buy,9135.83,0.0,2018-04-24T04:41:02.178Z
sell,9230.44,0.5,2018-04-24T04:41:02.195Z
buy,9201.84,0.0015,2018-04-24T04:41:02.213Z
buy,9167.01,0.0,2018-04-24T04:41:02.230Z
buy,9102.93,0.0,2018-04-24T04:41:02.231Z
buy,9069.96,0.0015,2018-04-24T04:41:02.237Z
buy,9102.96,0.0015,2018-04-24T04:41:02.240Z
sell,9230.44,0.0,2018-04-24T04:41:02.264Z
sell,9230.69,0.5,2018-04-24T04:41:02.323Z
buy,9201.84,0.0,2018-04-24T04:41:02.359Z
buy,9135.83,0.0015,2018-04-24T04:41:02.385Z
buy,9167.01,0.0015,2018-04-24T04:41:02.429Z
buy,9069.96,0.0,2018-04-24T04:41:02.439Z
buy,9201.84,0.0015,2018-04-24T04:41:02.460Z
buy,9167.01,0.0,2018-04-24T04:41:02.488Z
buy,9135.83,0.0,2018-04-24T04:41:02.507Z
buy,9102.96,0.0,2018-04-24T04:41:02.508Z
buy,9069.96,0.0015,2018-04-24T04:41:02.514Z
buy,9201.84,0.0,2018-04-24T04:41:02.537Z
buy,9167.01,0.0015,2018-04-24T04:41:02.564Z
buy,9069.96,0.0,2018-04-24T04:41:02.597Z
buy,9201.84,0.0015,2018-04-24T04:41:02.616Z
buy,9167.01,0.0,2018-04-24T04:41:02.660Z
buy,9135.83,0.0015,2018-04-24T04:41:02.677Z
buy,9201.84,0.0,2018-04-24T04:41:02.701Z
buy,9135.83,0.0,2018-04-24T04:41:02.732Z
buy,9102.96,0.0015,2018-04-24T04:41:02.737Z
buy,9069.96,0.0015,2018-04-24T04:41:02.739Z
sell,9220.89,4.28847347,2018-04-24T04:41:02.780Z
buy,9069.93,0.0,2018-04-24T04:41:02.781Z
buy,9167.01,0.0015,2018-04-24T04:41:02.789Z
buy,9135.83,0.0015,2018-04-24T04:41:02.794Z
sell,9350.0,37.41527541,2018-04-24T04:41:02.868Z
buy,8949.71,0.1,2018-04-24T04:41:02.878Z
buy,9201.84,0.0015,2018-04-24T04:41:02.888Z
sell,9246.39,0.0,2018-04-24T04:41:02.911Z
sell,9246.14,0.005,2018-04-24T04:41:02.939Z
buy,9189.7,0.01,2018-04-24T04:41:02.943Z
buy,9192.49,0.0,2018-04-24T04:41:02.970Z
buy,9220.88,10.46936736,2018-04-24T04:41:02.972Z
buy,9194.33,2.0,2018-04-24T04:41:02.981Z
buy,9220.88,10.47530388,2018-04-24T04:41:03.307Z
buy,9167.01,0.0,2018-04-24T04:41:03.486Z
buy,9135.83,0.0,2018-04-24T04:41:03.487Z
buy,9201.84,0.0,2018-04-24T04:41:03.488Z
buy,9102.98,0.0015,2018-04-24T04:41:03.493Z
buy,9102.96,0.0,2018-04-24T04:41:03.515Z
buy,9069.98,0.0015,2018-04-24T04:41:03.545Z
buy,9102.98,0.0,2018-04-24T04:41:03.560Z
buy,9167.01,0.0015,2018-04-24T04:41:03.569Z
buy,9135.83,0.0015,2018-04-24T04:41:03.571Z
buy,9201.84,0.0015,2018-04-24T04:41:03.622Z
buy,9167.01,0.0,2018-04-24T04:41:03.647Z
buy,9135.83,0.0,2018-04-24T04:41:03.667Z
buy,9102.98,0.0015,2018-04-24T04:41:03.676Z
buy,9201.84,0.0,2018-04-24T04:41:03.705Z
buy,9167.01,0.0015,2018-04-24T04:41:03.735Z
buy,9069.98,0.0,2018-04-24T04:41:03.769Z
buy,9135.83,0.0015,2018-04-24T04:41:03.792Z
buy,9102.98,0.0,2018-04-24T04:41:03.813Z
buy,9167.01,0.0,2018-04-24T04:41:03.814Z
buy,9069.98,0.0015,2018-04-24T04:41:03.838Z
buy,9201.84,0.0015,2018-04-24T04:41:03.846Z
buy,9135.83,0.0,2018-04-24T04:41:03.876Z
buy,9102.98,0.0015,2018-04-24T04:41:03.895Z
buy,9201.84,0.0,2018-04-24T04:41:03.922Z
buy,9167.01,0.0015,2018-04-24T04:41:03.948Z
sell,9246.14,0.0,2018-04-24T04:41:03.951Z
buy,9189.7,0.0,2018-04-24T04:41:03.974Z
sell,9245.84,0.005,2018-04-24T04:41:03.981Z
buy,9135.83,0.0015,2018-04-24T04:41:04.018Z
buy,9102.98,0.0,2018-04-24T04:41:04.022Z
buy,9220.88,10.83530388,2018-04-24T04:41:04.037Z
buy,9201.84,0.0015,2018-04-24T04:41:04.039Z
sell,9220.89,4.2903711,2018-04-24T04:41:04.063Z
sell,9230.69,0.0,2018-04-24T04:41:04.478Z
sell,9230.94,0.5,2018-04-24T04:41:04.496Z
buy,9220.88,11.08530388,2018-04-24T04:41:04.501Z
buy,9190.33,0.01,2018-04-24T04:41:04.513Z
buy,9220.88,11.07936736,2018-04-24T04:41:04.519Z
buy,9135.83,0.0,2018-04-24T04:41:04.521Z
buy,9201.84,0.0,2018-04-24T04:41:04.543Z
buy,9167.01,0.0,2018-04-24T04:41:04.545Z
buy,9103.0,0.0025,2018-04-24T04:41:04.552Z
sell,9255.28,0.0,2018-04-24T04:41:04.596Z
buy,9198.26,0.0,2018-04-24T04:41:04.610Z
buy,9198.51,0.5,2018-04-24T04:41:04.627Z
sell,9230.94,0.0,2018-04-24T04:41:04.830Z
buy,9198.51,0.0,2018-04-24T04:41:04.837Z
buy,9220.88,11.08530388,2018-04-24T04:41:04.840Z
sell,9231.19,0.5,2018-04-24T04:41:04.870Z
buy,9198.76,0.5,2018-04-24T04:41:04.872Z
sell,9231.19,0.0,2018-04-24T04:41:04.875Z
sell,9230.94,0.5,2018-04-24T04:41:04.917Z
buy,9103.0,0.001,2018-04-24T04:41:04.920Z
sell,9230.99,0.0,2018-04-24T04:41:04.926Z
buy,9070.0,1.22041804,2018-04-24T04:41:04.939Z
sell,9230.93,0.015,2018-04-24T04:41:04.945Z
buy,9202.01,0.0165,2018-04-24T04:41:04.946Z
buy,9169.0,0.0025,2018-04-24T04:41:04.947Z
buy,9135.83,0.0015,2018-04-24T04:41:04.957Z
sell,9245.84,0.0,2018-04-24T04:41:04.990Z
buy,9198.76,0.0,2018-04-24T04:41:04.998Z
buy,9169.0,0.001,2018-04-24T04:41:05.000Z
buy,9202.01,0.015,2018-04-24T04:41:05.005Z
buy,9103.0,0.0025,2018-04-24T04:41:05.014Z
buy,9198.51,0.5,2018-04-24T04:41:05.016Z
buy,9190.33,0.0,2018-04-24T04:41:05.017Z
sell,9245.55,0.005,2018-04-24T04:41:05.030Z
sell,9230.94,0.0,2018-04-24T04:41:05.058Z
buy,9169.0,0.0025,2018-04-24T04:41:05.067Z
sell,9231.19,0.5,2018-04-24T04:41:05.075Z
buy,9135.83,0.0,2018-04-24T04:41:05.077Z
buy,9202.01,0.0165,2018-04-24T04:41:05.083Z
buy,9169.0,0.001,2018-04-24T04:41:05.189Z
buy,9202.01,0.015,2018-04-24T04:41:05.211Z
buy,9135.83,0.0015,2018-04-24T04:41:05.217Z
sell,9230.93,0.0,2018-04-24T04:41:05.251Z
sell,9230.99,0.015,2018-04-24T04:41:05.266Z
buy,9169.0,0.0025,2018-04-24T04:41:05.270Z
buy,9103.0,0.001,2018-04-24T04:41:05.271Z
buy,9202.01,0.0165,2018-04-24T04:41:05.307Z
sell,9231.19,0.0,2018-04-24T04:41:05.309Z
buy,9198.51,0.0,2018-04-24T04:41:05.310Z
sell,9230.94,0.5,2018-04-24T04:41:05.313Z
buy,9198.76,0.5,2018-04-24T04:41:05.315Z
buy,9135.83,0.0,2018-04-24T04:41:05.351Z
sell,9230.99,0.0,2018-04-24T04:41:05.359Z
sell,9230.98,0.015,2018-04-24T04:41:05.367Z
buy,9202.01,0.015,2018-04-24T04:41:05.373Z
buy,9169.0,0.001,2018-04-24T04:41:05.375Z
buy,9103.0,0.0025,2018-04-24T04:41:05.381Z
buy,9135.83,0.0015,2018-04-24T04:41:05.417Z
buy,9070.0,1.21891804,2018-04-24T04:41:05.429Z
sell,9230.98,0.0,2018-04-24T04:41:05.453Z
buy,9202.01,0.0165,2018-04-24T04:41:05.456Z
buy,9169.0,0.0025,2018-04-24T04:41:05.459Z
sell,9230.93,0.015,2018-04-24T04:41:05.464Z
sell,9220.89,4.22770853,2018-04-24T04:41:05.479Z
sell,9220.89,4.22657002,2018-04-24T04:41:05.482Z
sell,9220.89,4.22543151,2018-04-24T04:41:05.484Z
sell,9220.89,4.22429296,2018-04-24T04:41:05.486Z
sell,9220.89,4.22315445,2018-04-24T04:41:05.488Z
sell,9220.89,4.22201599,2018-04-24T04:41:05.491Z
sell,9220.89,4.22087736,2018-04-24T04:41:05.493Z
sell,9220.89,4.21486026,2018-04-24T04:41:05.494Z
sell,9220.89,3.66686026,2018-04-24T04:41:05.523Z
sell,9243.95,0.0,2018-04-24T04:41:05.533Z
sell,9243.96,0.9,2018-04-24T04:41:05.535Z
buy,9202.01,0.015,2018-04-24T04:41:05.538Z
buy,9169.0,0.001,2018-04-24T04:41:05.542Z
buy,9103.0,0.001,2018-04-24T04:41:05.543Z
buy,9135.83,0.0,2018-04-24T04:41:05.544Z
buy,9070.0,1.22041804,2018-04-24T04:41:05.550Z
buy,9198.76,0.0,2018-04-24T04:41:05.558Z
sell,9230.94,0.0,2018-04-24T04:41:05.578Z
buy,9198.51,0.5,2018-04-24T04:41:05.581Z
sell,9231.19,0.5,2018-04-24T04:41:05.594Z
buy,9198.51,0.0,2018-04-24T04:41:05.612Z
buy,9198.76,0.5,2018-04-24T04:41:05.672Z
sell,9230.93,0.0,2018-04-24T04:41:05.690Z
buy,9202.02,0.0015,2018-04-24T04:41:05.696Z
sell,9230.99,0.015,2018-04-24T04:41:05.698Z
buy,9103.03,0.0015,2018-04-24T04:41:05.728Z
buy,9070.03,4.79515632,2018-04-24T04:41:05.731Z
buy,9202.02,0.0,2018-04-24T04:41:05.860Z
sell,9231.19,0.0,2018-04-24T04:41:05.885Z
buy,9169.0,0.0025,2018-04-24T04:41:05.900Z
buy,9135.83,0.0015,2018-04-24T04:41:05.901Z
sell,9230.94,0.5,2018-04-24T04:41:05.908Z
buy,9103.03,0.0,2018-04-24T04:41:05.914Z
buy,9202.02,0.0015,2018-04-24T04:41:05.941Z
buy,9135.83,0.0,2018-04-24T04:41:05.991Z
sell,9220.89,3.72461026,2018-04-24T04:41:06.009Z
buy,9169.0,0.001,2018-04-24T04:41:06.011Z
buy,9103.03,0.0015,2018-04-24T04:41:06.018Z
sell,9245.55,0.0,2018-04-24T04:41:06.026Z
buy,9202.02,0.0,2018-04-24T04:41:06.034Z
buy,9135.83,0.0015,2018-04-24T04:41:06.041Z
buy,9196.88,0.0,2018-04-24T04:41:06.049Z
buy,9191.67,0.01,2018-04-24T04:41:06.060Z
sell,9245.22,0.005,2018-04-24T04:41:06.064Z
buy,9169.0,0.0025,2018-04-24T04:41:06.086Z
buy,9103.03,0.0,2018-04-24T04:41:06.105Z
buy,9202.02,0.0015,2018-04-24T04:41:06.129Z
buy,9144.26,0.11352000000000001,2018-04-24T04:41:06.140Z
buy,9197.38,1.49781667,2018-04-24T04:41:06.167Z
buy,9135.83,0.0,2018-04-24T04:41:06.184Z
buy,9169.0,0.001,2018-04-24T04:41:06.201Z
buy,9103.03,0.0015,2018-04-24T04:41:06.212Z
buy,9202.02,0.0,2018-04-24T04:41:06.222Z
buy,9135.83,0.0015,2018-04-24T04:41:06.249Z
sell,9230.94,0.0,2018-04-24T04:41:06.270Z
sell,9231.44,0.5,2018-04-24T04:41:06.288Z
buy,9169.0,0.0025,2018-04-24T04:41:06.289Z
buy,9103.03,0.0,2018-04-24T04:41:06.317Z
buy,9202.02,0.0015,2018-04-24T04:41:06.342Z
buy,9169.0,0.001,2018-04-24T04:41:06.365Z
buy,9135.83,0.0,2018-04-24T04:41:06.382Z
buy,9103.03,0.0015,2018-04-24T04:41:06.390Z
sell,9230.99,0.0,2018-04-24T04:41:06.403Z
buy,9198.76,0.0,2018-04-24T04:41:06.432Z
sell,9230.93,0.015,2018-04-24T04:41:06.435Z
buy,9199.01,0.5,2018-04-24T04:41:06.436Z
buy,9202.02,0.0,2018-04-24T04:41:06.439Z
buy,9169.0,0.0025,2018-04-24T04:41:06.463Z
buy,9070.03,4.79365632,2018-04-24T04:41:06.481Z
sell,9230.93,0.0,2018-04-24T04:41:06.506Z
buy,9202.02,0.0015,2018-04-24T04:41:06.513Z
sell,9230.99,0.015,2018-04-24T04:41:06.515Z
buy,9169.0,0.001,2018-04-24T04:41:06.549Z
sell,9239.34,0.9,2018-04-24T04:41:06.551Z
buy,9195.98,0.0,2018-04-24T04:41:06.552Z
sell,9243.96,0.0,2018-04-24T04:41:06.553Z
sell,9239.34,1.8,2018-04-24T04:41:06.593Z
buy,9135.83,0.0015,2018-04-24T04:41:06.595Z
buy,9195.98,0.536045,2018-04-24T04:41:06.597Z
sell,9243.96,0.9,2018-04-24T04:41:06.599Z
buy,9103.03,0.0,2018-04-24T04:41:06.600Z
buy,9070.03,4.79515632,2018-04-24T04:41:06.601Z
buy,9202.02,0.0,2018-04-24T04:41:06.604Z
buy,9169.0,0.0025,2018-04-24T04:41:06.613Z
buy,9194.33,0.0,2018-04-24T04:41:06.640Z
buy,9192.49,2.0,2018-04-24T04:41:06.676Z
buy,9135.83,0.0,2018-04-24T04:41:06.678Z
buy,9103.03,0.0015,2018-04-24T04:41:06.690Z
buy,9202.02,0.0015,2018-04-24T04:41:06.695Z
sell,9231.44,0.0,2018-04-24T04:41:06.713Z
sell,9231.69,0.5,2018-04-24T04:41:06.731Z
buy,9169.0,0.001,2018-04-24T04:41:06.808Z
buy,9135.83,0.0015,2018-04-24T04:41:06.833Z
buy,9202.02,0.0,2018-04-24T04:41:06.852Z
buy,9103.03,0.0,2018-04-24T04:41:06.854Z
buy,9103.05,0.0015,2018-04-24T04:41:06.860Z
buy,9070.05,0.0015,2018-04-24T04:41:06.863Z
buy,9169.0,0.0025,2018-04-24T04:41:06.878Z
sell,9239.34,0.9,2018-04-24T04:41:06.914Z
sell,9242.11,0.0,2018-04-24T04:41:06.915Z
sell,9355.7,0.01,2018-04-24T04:41:06.930Z
sell,9242.11,0.9,2018-04-24T04:41:06.947Z
buy,9169.0,0.001,2018-04-24T04:41:06.965Z
sell,9239.34,1.8,2018-04-24T04:41:06.970Z
buy,9202.02,0.0015,2018-04-24T04:41:06.984Z
buy,9103.05,0.0,2018-04-24T04:41:07.020Z
buy,9199.01,0.0,2018-04-24T04:41:07.037Z
buy,9169.0,0.0025,2018-04-24T04:41:07.043Z
buy,9199.26,0.5,2018-04-24T04:41:07.054Z
sell,9245.22,0.0,2018-04-24T04:41:07.062Z
buy,9191.67,0.0,2018-04-24T04:41:07.085Z
sell,9244.85,0.005,2018-04-24T04:41:07.095Z
buy,9135.83,0.0,2018-04-24T04:41:07.096Z
buy,9169.0,0.001,2018-04-24T04:41:07.101Z
buy,9202.02,0.0,2018-04-24T04:41:07.103Z
buy,9103.05,0.0015,2018-04-24T04:41:07.109Z
buy,9144.26,0.11015,2018-04-24T04:41:07.137Z
buy,9144.26,0.10173,2018-04-24T04:41:07.141Z
buy,9135.83,0.0015,2018-04-24T04:41:07.158Z
buy,9144.26,0.10504000000000001,2018-04-24T04:41:07.163Z
buy,9169.0,0.0025,2018-04-24T04:41:07.216Z
buy,9070.05,0.0,2018-04-24T04:41:07.225Z
buy,9202.02,0.0015,2018-04-24T04:41:07.252Z
sell,12667.11,0.001,2018-04-24T04:41:07.283Z
buy,9169.0,0.001,2018-04-24T04:41:07.316Z
buy,9103.05,0.0,2018-04-24T04:41:07.336Z
buy,9135.83,0.0,2018-04-24T04:41:07.337Z
buy,9202.02,0.0,2018-04-24T04:41:07.338Z
buy,9070.05,0.0015,2018-04-24T04:41:07.356Z
sell,9231.69,0.0,2018-04-24T04:41:07.384Z
buy,9169.0,0.0025,2018-04-24T04:41:07.398Z
sell,9231.44,0.5,2018-04-24T04:41:07.403Z
buy,9070.05,0.0,2018-04-24T04:41:07.424Z
buy,9202.02,0.0015,2018-04-24T04:41:07.449Z
buy,9135.83,0.0015,2018-04-24T04:41:07.452Z
buy,9169.0,0.001,2018-04-24T04:41:07.454Z
buy,9103.05,0.0015,2018-04-24T04:41:07.480Z
buy,9070.05,0.0015,2018-04-24T04:41:07.498Z
buy,9135.83,0.0,2018-04-24T04:41:07.691Z
buy,9202.02,0.0,2018-04-24T04:41:07.696Z
buy,9103.05,0.0,2018-04-24T04:41:07.697Z
buy,9070.07,0.0015,2018-04-24T04:41:07.723Z
buy,9070.05,0.0,2018-04-24T04:41:07.920Z
buy,8902.0,0.69051293,2018-04-24T04:41:07.923Z
buy,9202.02,0.0015,2018-04-24T04:41:07.926Z
buy,9169.0,0.0025,2018-04-24T04:41:07.927Z
buy,9199.26,0.0,2018-04-24T04:41:07.928Z
buy,9070.07,0.0,2018-04-24T04:41:07.932Z
buy,9199.01,0.5,2018-04-24T04:41:07.937Z
buy,9103.07,0.0015,2018-04-24T04:41:07.939Z
buy,9135.83,0.0015,2018-04-24T04:41:07.941Z
buy,9197.38,0.0,2018-04-24T04:41:08.055Z
sell,9244.85,0.0,2018-04-24T04:41:08.113Z
sell,9244.47,0.005,2018-04-24T04:41:08.145Z
buy,9193.11,0.01,2018-04-24T04:41:08.149Z
buy,9135.83,0.0,2018-04-24T04:41:08.152Z
buy,9197.88,1.49773525,2018-04-24T04:41:08.174Z
buy,9192.49,0.0,2018-04-24T04:41:08.215Z
buy,9202.02,0.0,2018-04-24T04:41:08.219Z
buy,9169.0,0.001,2018-04-24T04:41:08.223Z
buy,9103.07,0.0,2018-04-24T04:41:08.225Z
buy,9070.07,0.0015,2018-04-24T04:41:08.229Z
buy,8948.45,0.1,2018-04-24T04:41:08.247Z
buy,9194.33,2.0,2018-04-24T04:41:08.276Z
sell,9231.44,0.0,2018-04-24T04:41:08.283Z
sell,9231.69,0.5,2018-04-24T04:41:08.301Z
buy,9135.83,0.0015,2018-04-24T04:41:08.307Z
buy,9070.07,0.0,2018-04-24T04:41:08.308Z
buy,9103.07,0.0015,2018-04-24T04:41:08.327Z
buy,9202.02,0.0015,2018-04-24T04:41:08.341Z
buy,9135.83,0.0,2018-04-24T04:41:08.346Z
buy,9169.0,0.0025,2018-04-24T04:41:08.356Z
buy,9103.07,0.0,2018-04-24T04:41:08.386Z
sell,9231.69,0.0,2018-04-24T04:41:08.396Z
buy,9199.01,0.0,2018-04-24T04:41:08.397Z
buy,9070.07,0.0015,2018-04-24T04:41:08.399Z
sell,9220.89,0.4214584,2018-04-24T04:41:08.408Z
sell,9220.89,0.31300900000000004,2018-04-24T04:41:08.409Z
sell,9242.11,0.0,2018-04-24T04:41:08.413Z
sell,9231.94,0.5,2018-04-24T04:41:08.415Z
sell,9239.34,0.9,2018-04-24T04:41:08.416Z
sell,9243.96,0.0,2018-04-24T04:41:08.417Z
sell,9239.34,0.0,2018-04-24T04:41:08.418Z
buy,9199.26,0.5,2018-04-24T04:41:08.419Z
buy,9195.98,0.0,2018-04-24T04:41:08.420Z
sell,9242.17,0.9,2018-04-24T04:41:08.424Z
sell,9239.4,0.9,2018-04-24T04:41:08.426Z
sell,9244.01,0.9,2018-04-24T04:41:08.427Z
sell,9239.4,1.8,2018-04-24T04:41:08.429Z
buy,9196.04,0.536045,2018-04-24T04:41:08.431Z
buy,9202.02,0.0,2018-04-24T04:41:08.454Z
buy,9199.26,0.0,2018-04-24T04:41:08.471Z
buy,9169.0,0.001,2018-04-24T04:41:08.473Z
buy,9135.83,0.0015,2018-04-24T04:41:08.480Z
sell,9220.89,0.31458132,2018-04-24T04:41:08.487Z
buy,9199.76,0.5,2018-04-24T04:41:08.490Z
buy,8948.69,0.0,2018-04-24T04:41:08.515Z
buy,8949.71,0.0,2018-04-24T04:41:08.522Z
buy,9070.07,0.0,2018-04-24T04:41:08.555Z
buy,9103.07,0.0015,2018-04-24T04:41:08.558Z
buy,9202.02,0.0015,2018-04-24T04:41:08.573Z
buy,9169.0,0.0025,2018-04-24T04:41:08.582Z
buy,9135.83,0.0,2018-04-24T04:41:08.592Z
buy,9070.07,0.0015,2018-04-24T04:41:08.605Z
sell,9220.89,0.30052385,2018-04-24T04:41:08.618Z
buy,9169.0,0.001,2018-04-24T04:41:08.670Z
sell,9220.89,0.27962385,2018-04-24T04:41:08.684Z
buy,9202.02,0.0,2018-04-24T04:41:08.688Z
buy,9135.83,0.0015,2018-04-24T04:41:08.698Z
buy,9169.0,0.0025,2018-04-24T04:41:08.743Z
buy,9220.88,11.07530388,2018-04-24T04:41:08.774Z
buy,9219.67,0.01,2018-04-24T04:41:08.780Z
buy,9135.83,0.0,2018-04-24T04:41:08.848Z
sell,9349.59,0.0,2018-04-24T04:41:08.855Z
buy,9070.07,0.0,2018-04-24T04:41:08.874Z
buy,9169.0,0.001,2018-04-24T04:41:08.877Z
buy,9103.07,0.0,2018-04-24T04:41:08.878Z
sell,9319.74,0.13391,2018-04-24T04:41:08.880Z
buy,9070.1,0.0015,2018-04-24T04:41:08.905Z
buy,9103.1,0.0015,2018-04-24T04:41:08.908Z
sell,9304.85,0.07212,2018-04-24T04:41:08.909Z
buy,9202.02,0.0015,2018-04-24T04:41:08.911Z
buy,9135.83,0.0015,2018-04-24T04:41:08.914Z
buy,9219.63,0.030498,2018-04-24T04:41:08.917Z
buy,9202.02,0.0,2018-04-24T04:41:08.973Z
buy,9169.0,0.0025,2018-04-24T04:41:09.008Z
buy,9070.1,0.0,2018-04-24T04:41:09.036Z
buy,9202.02,0.0015,2018-04-24T04:41:09.054Z
buy,9135.83,0.0,2018-04-24T04:41:09.074Z
buy,9103.1,0.0,2018-04-24T04:41:09.075Z
buy,9169.0,0.001,2018-04-24T04:41:09.076Z
buy,9070.1,0.0015,2018-04-24T04:41:09.083Z
buy,9202.02,0.0,2018-04-24T04:41:09.136Z
buy,9144.26,0.11529,2018-04-24T04:41:09.148Z
buy,9135.83,0.0015,2018-04-24T04:41:09.162Z
buy,9135.83,0.0,2018-04-24T04:41:09.209Z
buy,9169.0,0.0025,2018-04-24T04:41:09.216Z
buy,9103.1,0.0015,2018-04-24T04:41:09.219Z
buy,9070.1,0.0,2018-04-24T04:41:09.241Z
buy,9202.02,0.0015,2018-04-24T04:41:09.285Z
buy,9193.11,0.0,2018-04-24T04:41:09.287Z
sell,9244.47,0.0,2018-04-24T04:41:09.289Z
sell,9244.05,0.005,2018-04-24T04:41:09.296Z
buy,9169.0,0.001,2018-04-24T04:41:09.306Z
buy,9103.1,0.0,2018-04-24T04:41:09.329Z
buy,9070.1,0.0015,2018-04-24T04:41:09.337Z
buy,9135.83,0.0015,2018-04-24T04:41:09.348Z
buy,9202.02,0.0,2018-04-24T04:41:09.382Z
sell,9220.89,0.274223,2018-04-24T04:41:09.386Z
buy,9219.67,0.0,2018-04-24T04:41:09.391Z
buy,9219.69,0.01,2018-04-24T04:41:09.397Z
buy,9169.0,0.0025,2018-04-24T04:41:09.400Z
buy,9135.83,0.0,2018-04-24T04:41:09.428Z
buy,9103.1,0.0015,2018-04-24T04:41:09.450Z
buy,9202.02,0.0015,2018-04-24T04:41:09.474Z
buy,9219.69,0.0,2018-04-24T04:41:09.490Z
buy,9219.72,0.01,2018-04-24T04:41:09.496Z
buy,9169.0,0.001,2018-04-24T04:41:09.497Z
buy,9135.83,0.0015,2018-04-24T04:41:09.503Z
sell,9244.05,0.0,2018-04-24T04:41:09.529Z
sell,9244.05,0.005,2018-04-24T04:41:09.605Z
buy,9193.88,0.01,2018-04-24T04:41:09.607Z
buy,9202.02,0.0,2018-04-24T04:41:09.609Z
buy,9219.72,0.0,2018-04-24T04:41:09.610Z
sell,9224.31,0.0,2018-04-24T04:41:09.612Z
buy,9219.47,0.01,2018-04-24T04:41:09.613Z
sell,9224.83,0.1,2018-04-24T04:41:09.641Z
buy,9169.0,0.0025,2018-04-24T04:41:09.643Z
buy,9070.1,0.0,2018-04-24T04:41:09.649Z
buy,9194.33,0.0,2018-04-24T04:41:09.659Z
buy,9219.47,0.0,2018-04-24T04:41:09.664Z
buy,9194.34,2.0,2018-04-24T04:41:09.668Z
buy,9219.49,0.01,2018-04-24T04:41:09.671Z
buy,9202.02,0.0015,2018-04-24T04:41:09.681Z
buy,9219.63,0.031538,2018-04-24T04:41:09.725Z
buy,9169.0,0.001,2018-04-24T04:41:09.735Z
buy,9213.92,0.0,2018-04-24T04:41:09.739Z
buy,9214.44,0.1,2018-04-24T04:41:09.757Z
buy,9202.02,0.0,2018-04-24T04:41:09.760Z
buy,9103.1,0.0,2018-04-24T04:41:09.771Z
buy,9135.83,0.0,2018-04-24T04:41:09.772Z
buy,9070.12,0.1215,2018-04-24T04:41:09.775Z
buy,9194.34,0.0,2018-04-24T04:41:09.862Z
buy,9070.12,0.12,2018-04-24T04:41:09.863Z
buy,9219.49,0.0,2018-04-24T04:41:09.871Z
buy,9194.4,2.0,2018-04-24T04:41:09.876Z
buy,9219.62,0.01,2018-04-24T04:41:09.879Z
buy,9169.0,0.0025,2018-04-24T04:41:09.892Z
buy,9135.83,0.0015,2018-04-24T04:41:09.895Z
buy,9069.98,0.0,2018-04-24T04:41:09.913Z
buy,9103.12,0.0015,2018-04-24T04:41:09.921Z
buy,9070.12,0.1215,2018-04-24T04:41:09.928Z
buy,9169.0,0.001,2018-04-24T04:41:09.973Z
buy,9220.88,14.27530388,2018-04-24T04:41:09.989Z
sell,9244.01,0.0,2018-04-24T04:41:10.000Z
buy,9202.02,0.0015,2018-04-24T04:41:10.004Z
sell,9244.02,0.9,2018-04-24T04:41:10.034Z
buy,9220.88,11.07530388,2018-04-24T04:41:10.037Z
buy,9103.12,0.0,2018-04-24T04:41:10.039Z
sell,9244.02,0.0,2018-04-24T04:41:10.050Z
buy,9197.88,0.0,2018-04-24T04:41:10.052Z
sell,9244.01,0.9,2018-04-24T04:41:10.057Z
buy,9169.0,0.0025,2018-04-24T04:41:10.062Z
buy,9202.02,0.0,2018-04-24T04:41:10.092Z
buy,9135.83,0.0,2018-04-24T04:41:10.108Z
buy,9103.12,0.0015,2018-04-24T04:41:10.117Z
buy,9070.0,1.21891804,2018-04-24T04:41:10.171Z
buy,9198.37,1.49765547,2018-04-24T04:41:10.175Z
buy,9202.02,0.0015,2018-04-24T04:41:10.201Z
buy,9169.0,0.001,2018-04-24T04:41:10.220Z
buy,9135.83,0.0015,2018-04-24T04:41:10.229Z
sell,9244.05,0.0,2018-04-24T04:41:10.230Z
buy,9219.62,0.0,2018-04-24T04:41:10.239Z
buy,9219.17,0.01,2018-04-24T04:41:10.250Z
buy,9193.88,0.0,2018-04-24T04:41:10.253Z
sell,9243.58,0.012,2018-04-24T04:41:10.261Z
buy,9219.17,0.0,2018-04-24T04:41:10.313Z
buy,9219.18,0.01,2018-04-24T04:41:10.319Z
buy,9202.02,0.0,2018-04-24T04:41:10.320Z
buy,9169.0,0.0025,2018-04-24T04:41:10.346Z
buy,9219.18,0.0,2018-04-24T04:41:10.360Z
buy,9135.83,0.0,2018-04-24T04:41:10.365Z
buy,9219.19,0.01,2018-04-24T04:41:10.376Z
buy,9202.02,0.0015,2018-04-24T04:41:10.393Z
buy,9219.31,0.01,2018-04-24T04:41:10.395Z
buy,9219.19,0.0,2018-04-24T04:41:10.566Z
buy,9202.02,0.0,2018-04-24T04:41:10.605Z
buy,9169.0,0.001,2018-04-24T04:41:10.628Z
buy,9135.83,0.0015,2018-04-24T04:41:10.636Z
buy,9069.89,0.0,2018-04-24T04:41:10.689Z
buy,9202.02,0.0015,2018-04-24T04:41:10.718Z
buy,9135.83,0.0,2018-04-24T04:41:10.734Z
buy,9169.0,0.0025,2018-04-24T04:41:10.744Z
sell,9319.74,0.0721,2018-04-24T04:41:10.856Z
sell,9304.85,0.0,2018-04-24T04:41:10.860Z
buy,9189.11,0.0,2018-04-24T04:41:10.873Z
sell,9349.59,0.13392,2018-04-24T04:41:10.879Z
buy,9202.02,0.0,2018-04-24T04:41:10.918Z
buy,9103.12,0.0,2018-04-24T04:41:10.920Z
buy,9169.0,0.001,2018-04-24T04:41:10.920Z
buy,9070.14,0.0015,2018-04-24T04:41:10.928Z
buy,9103.14,0.0015,2018-04-24T04:41:10.931Z
buy,9219.31,0.0,2018-04-24T04:41:10.936Z
buy,9135.83,0.0015,2018-04-24T04:41:10.945Z
buy,9219.32,0.01,2018-04-24T04:41:10.947Z
buy,9070.14,0.0,2018-04-24T04:41:10.974Z
buy,9169.0,0.0025,2018-04-24T04:41:11.005Z
buy,9202.02,0.0015,2018-04-24T04:41:11.009Z
buy,9135.83,0.0,2018-04-24T04:41:11.064Z
buy,9103.14,0.0,2018-04-24T04:41:11.081Z
buy,9070.14,0.0015,2018-04-24T04:41:11.089Z
buy,9202.02,0.0,2018-04-24T04:41:11.138Z
buy,9169.0,0.001,2018-04-24T04:41:11.144Z
buy,9144.26,0.41755,2018-04-24T04:41:11.151Z
sell,12916.39,0.001,2018-04-24T04:41:11.156Z
buy,9135.83,0.0015,2018-04-24T04:41:11.158Z
buy,9103.14,0.0015,2018-04-24T04:41:11.166Z
buy,9070.14,0.0,2018-04-24T04:41:11.187Z
buy,9202.02,0.0015,2018-04-24T04:41:11.217Z
buy,9169.0,0.0025,2018-04-24T04:41:11.221Z
sell,9243.58,0.006999999999999999,2018-04-24T04:41:11.299Z
sell,9243.08,0.005,2018-04-24T04:41:11.332Z
buy,9195.54,0.01,2018-04-24T04:41:11.335Z
buy,9103.14,0.0,2018-04-24T04:41:11.353Z
buy,9202.02,0.0,2018-04-24T04:41:11.376Z
buy,9135.83,0.0,2018-04-24T04:41:11.378Z
buy,9169.0,0.001,2018-04-24T04:41:11.380Z
buy,9070.14,0.0015,2018-04-24T04:41:11.389Z
buy,9103.14,0.0015,2018-04-24T04:41:11.439Z
buy,9202.02,0.0015,2018-04-24T04:41:11.459Z
buy,9070.12,0.12,2018-04-24T04:41:11.466Z
buy,9169.0,0.0025,2018-04-24T04:41:11.475Z
buy,9135.83,0.0015,2018-04-24T04:41:11.477Z
buy,9219.32,0.0,2018-04-24T04:41:11.597Z
buy,9218.97,0.01,2018-04-24T04:41:11.601Z
buy,9192.77,6.39,2018-04-24T04:41:11.651Z
buy,9218.97,0.0,2018-04-24T04:41:11.728Z
buy,9219.15,0.01,2018-04-24T04:41:11.735Z
sell,9220.89,0.27536171,2018-04-24T04:41:11.788Z
buy,9219.15,0.0,2018-04-24T04:41:11.834Z
buy,9219.21,0.01,2018-04-24T04:41:11.850Z
buy,9202.02,0.0,2018-04-24T04:41:11.905Z
buy,9135.83,0.0,2018-04-24T04:41:11.928Z
buy,9103.14,0.0,2018-04-24T04:41:11.930Z
buy,9169.0,0.001,2018-04-24T04:41:11.932Z
buy,9070.17,0.0015,2018-04-24T04:41:11.937Z
buy,9103.17,0.0015,2018-04-24T04:41:11.940Z
buy,9135.83,0.0015,2018-04-24T04:41:11.990Z
buy,9070.17,0.0,2018-04-24T04:41:12.017Z
buy,9202.02,0.0015,2018-04-24T04:41:12.022Z
buy,9169.0,0.0025,2018-04-24T04:41:12.027Z
buy,9219.21,0.0,2018-04-24T04:41:12.033Z
buy,9218.67,0.01,2018-04-24T04:41:12.054Z
buy,9218.67,0.0,2018-04-24T04:41:12.288Z
buy,9218.84,0.01,2018-04-24T04:41:12.320Z
buy,9192.77,0.0,2018-04-24T04:41:12.370Z
buy,9202.02,0.0,2018-04-24T04:41:12.373Z
buy,9218.84,0.0,2018-04-24T04:41:12.374Z
sell,9243.08,0.0,2018-04-24T04:41:12.376Z
buy,9103.17,0.0,2018-04-24T04:41:12.377Z
buy,9218.92,0.01,2018-04-24T04:41:12.378Z
buy,9169.0,0.001,2018-04-24T04:41:12.379Z
buy,9135.83,0.0,2018-04-24T04:41:12.381Z
buy,9070.17,0.0015,2018-04-24T04:41:12.385Z
buy,9195.54,0.0,2018-04-24T04:41:12.390Z
sell,9242.52,0.005,2018-04-24T04:41:12.396Z
buy,9218.94,0.01,2018-04-24T04:41:12.399Z
buy,9202.02,0.0015,2018-04-24T04:41:12.401Z
buy,9218.92,0.0,2018-04-24T04:41:12.439Z
buy,9103.17,0.0015,2018-04-24T04:41:12.481Z
buy,9070.17,0.0,2018-04-24T04:41:12.483Z
buy,9169.0,0.0025,2018-04-24T04:41:12.487Z
buy,9135.83,0.0015,2018-04-24T04:41:12.494Z
buy,9103.17,0.0,2018-04-24T04:41:12.528Z
buy,9202.02,0.0,2018-04-24T04:41:12.560Z
buy,9169.0,0.001,2018-04-24T04:41:12.563Z
buy,9070.17,0.0015,2018-04-24T04:41:12.569Z
buy,9202.02,0.0015,2018-04-24T04:41:12.633Z
buy,9220.88,11.07280388,2018-04-24T04:41:12.690Z
buy,9218.94,0.0,2018-04-24T04:41:12.707Z
buy,9218.99,0.01,2018-04-24T04:41:12.720Z
buy,9202.02,0.0,2018-04-24T04:41:12.734Z
buy,9218.99,0.0,2018-04-24T04:41:12.750Z
buy,9135.83,0.0,2018-04-24T04:41:12.755Z
buy,9219.07,0.01,2018-04-24T04:41:12.761Z
buy,9103.17,0.0015,2018-04-24T04:41:12.765Z
buy,9194.4,0.0,2018-04-24T04:41:12.798Z
buy,9194.85,2.0,2018-04-24T04:41:12.802Z
buy,111.01,0.0,2018-04-24T04:41:12.817Z
buy,9070.03,4.79365632,2018-04-24T04:41:12.854Z
buy,9169.0,0.0025,2018-04-24T04:41:12.867Z
buy,9135.83,0.0015,2018-04-24T04:41:12.869Z
buy,9219.07,0.0,2018-04-24T04:41:12.899Z
sell,9220.89,0.27704261,2018-04-24T04:41:12.923Z
buy,9103.17,0.0,2018-04-24T04:41:12.925Z
buy,9103.19,0.0015,2018-04-24T04:41:12.934Z
buy,9195.2,6.39,2018-04-24T04:41:12.937Z
buy,9070.19,0.0015,2018-04-24T04:41:12.945Z
buy,9194.85,0.0,2018-04-24T04:41:12.990Z
buy,9219.13,0.01,2018-04-24T04:41:13.008Z
buy,9135.83,0.0,2018-04-24T04:41:13.012Z
buy,9202.02,0.0015,2018-04-24T04:41:13.043Z
buy,9169.2,0.0015,2018-04-24T04:41:13.045Z
buy,9194.4,2.0,2018-04-24T04:41:13.046Z
buy,9219.13,0.0,2018-04-24T04:41:13.047Z
buy,9169.0,0.001,2018-04-24T04:41:13.071Z
buy,9135.83,0.0015,2018-04-24T04:41:13.093Z
buy,9218.96,0.01,2018-04-24T04:41:13.345Z
sell,9242.52,0.0,2018-04-24T04:41:13.428Z
sell,9242.42,0.005,2018-04-24T04:41:13.461Z
buy,9197.4,0.01,2018-04-24T04:41:13.465Z
buy,9218.96,0.0,2018-04-24T04:41:13.703Z
buy,9218.99,0.01,2018-04-24T04:41:13.711Z
buy,9218.99,0.0,2018-04-24T04:41:13.767Z
buy,9194.4,0.0,2018-04-24T04:41:13.923Z
buy,9194.85,2.0,2018-04-24T04:41:13.934Z
buy,9218.96,0.01,2018-04-24T04:41:14.039Z
buy,9135.83,0.0,2018-04-24T04:41:14.073Z
buy,9169.2,0.0,2018-04-24T04:41:14.091Z
buy,9202.02,0.0,2018-04-24T04:41:14.092Z
buy,9103.21,0.0015,2018-04-24T04:41:14.099Z
buy,9194.85,0.0,2018-04-24T04:41:14.110Z
buy,9103.19,0.0,2018-04-24T04:41:14.113Z
buy,9070.21,0.0015,2018-04-24T04:41:14.127Z
buy,9218.96,0.0,2018-04-24T04:41:14.142Z
buy,9069.78,0.0,2018-04-24T04:41:14.163Z
buy,9135.83,0.0015,2018-04-24T04:41:14.172Z
buy,9169.2,0.0015,2018-04-24T04:41:14.181Z
buy,9070.21,0.0,2018-04-24T04:41:14.183Z
buy,9202.02,0.0015,2018-04-24T04:41:14.191Z
buy,9219.17,0.01,2018-04-24T04:41:14.460Z
buy,9197.4,0.0,2018-04-24T04:41:14.543Z
buy,9198.43,0.01,2018-04-24T04:41:14.571Z
buy,9219.17,0.0,2018-04-24T04:41:14.582Z
buy,9169.2,0.0,2018-04-24T04:41:14.607Z
buy,9135.83,0.0,2018-04-24T04:41:14.627Z
buy,9103.21,0.0,2018-04-24T04:41:14.628Z
buy,9202.02,0.0,2018-04-24T04:41:14.629Z
buy,9070.21,0.0015,2018-04-24T04:41:14.634Z
buy,9218.68,0.01,2018-04-24T04:41:14.728Z
buy,9070.21,0.0,2018-04-24T04:41:14.756Z
buy,9169.2,0.0015,2018-04-24T04:41:14.785Z
buy,9069.8,0.0,2018-04-24T04:41:14.808Z
buy,9135.83,0.0015,2018-04-24T04:41:14.815Z
buy,9169.2,0.0,2018-04-24T04:41:14.829Z
buy,9103.21,0.0015,2018-04-24T04:41:14.834Z
buy,9070.21,0.0015,2018-04-24T04:41:14.861Z
buy,9218.68,0.0,2018-04-24T04:41:14.905Z
buy,9136.25,0.0015,2018-04-24T04:41:14.941Z
buy,9202.02,0.0015,2018-04-24T04:41:14.943Z
buy,9202.02,0.0,2018-04-24T04:41:15.000Z
buy,9103.21,0.0,2018-04-24T04:41:15.020Z
buy,9136.25,0.0,2018-04-24T04:41:15.022Z
buy,9135.83,0.0,2018-04-24T04:41:15.024Z
buy,9169.2,0.0015,2018-04-24T04:41:15.028Z
buy,9070.24,0.0015,2018-04-24T04:41:15.032Z
sell,9220.89,0.27839801,2018-04-24T04:41:15.055Z
buy,9218.75,0.01,2018-04-24T04:41:15.077Z
buy,9103.24,0.0015,2018-04-24T04:41:15.078Z
buy,9202.02,0.0015,2018-04-24T04:41:15.094Z
buy,9169.2,0.0,2018-04-24T04:41:15.100Z
buy,9136.25,0.0015,2018-04-24T04:41:15.108Z
buy,9218.75,0.0,2018-04-24T04:41:15.208Z
buy,9220.88,11.07530388,2018-04-24T04:41:15.230Z
buy,9202.02,0.0,2018-04-24T04:41:15.429Z
buy,9169.2,0.0015,2018-04-24T04:41:15.437Z
buy,9005.51,0.19441865,2018-04-24T04:41:15.467Z
buy,9218.76,0.01,2018-04-24T04:41:15.472Z
buy,11.01,291.0,2018-04-24T04:41:15.517Z
buy,9218.76,0.0,2018-04-24T04:41:15.524Z
buy,9103.24,0.0,2018-04-24T04:41:15.532Z
buy,9202.02,0.0015,2018-04-24T04:41:15.534Z
buy,9136.25,0.0,2018-04-24T04:41:15.581Z
sell,9258.29,0.12,2018-04-24T04:41:15.637Z
buy,9169.2,0.0,2018-04-24T04:41:15.637Z
buy,9103.24,0.0015,2018-04-24T04:41:15.640Z
buy,9198.43,0.0,2018-04-24T04:41:15.641Z
buy,9199.36,0.01,2018-04-24T04:41:15.654Z
buy,9202.02,0.0,2018-04-24T04:41:15.679Z
buy,9169.2,0.0015,2018-04-24T04:41:15.710Z
buy,9136.25,0.0015,2018-04-24T04:41:15.714Z
buy,9070.21,0.0,2018-04-24T04:41:15.722Z
buy,9202.02,0.0015,2018-04-24T04:41:15.744Z
buy,9218.52,0.01,2018-04-24T04:41:15.760Z
sell,9220.9,1.3231754,2018-04-24T04:41:16.268Z
sell,9244.01,0.0,2018-04-24T04:41:16.278Z
sell,9239.4,0.9,2018-04-24T04:41:16.279Z
buy,9196.04,0.0,2018-04-24T04:41:16.284Z
sell,9243.96,0.9,2018-04-24T04:41:16.287Z
buy,9195.99,0.537057,2018-04-24T04:41:16.290Z
sell,9220.9,1.3219454,2018-04-24T04:41:16.291Z
sell,9239.35,0.9,2018-04-24T04:41:16.292Z
sell,9242.17,0.0,2018-04-24T04:41:16.296Z
sell,9239.4,0.0,2018-04-24T04:41:16.297Z
sell,9220.9,1.3229753999999998,2018-04-24T04:41:16.299Z
sell,9242.12,0.9,2018-04-24T04:41:16.302Z
sell,9239.35,1.8,2018-04-24T04:41:16.306Z
buy,9202.02,0.0,2018-04-24T04:41:16.307Z
sell,9220.89,0.27953659,2018-04-24T04:41:16.327Z
buy,9169.2,0.0,2018-04-24T04:41:16.329Z
buy,9103.24,0.0,2018-04-24T04:41:16.332Z
buy,9136.25,0.0,2018-04-24T04:41:16.332Z
buy,9103.26,0.0015,2018-04-24T04:41:16.337Z
buy,9070.26,0.0015,2018-04-24T04:41:16.340Z
buy,9202.02,0.0015,2018-04-24T04:41:16.406Z
buy,9169.2,0.0015,2018-04-24T04:41:16.410Z
buy,9103.26,0.0,2018-04-24T04:41:16.445Z
buy,9136.25,0.0015,2018-04-24T04:41:16.476Z
buy,9169.2,0.0,2018-04-24T04:41:16.515Z
buy,9202.02,0.0,2018-04-24T04:41:16.533Z
buy,9136.25,0.0,2018-04-24T04:41:16.534Z
buy,9103.26,0.0015,2018-04-24T04:41:16.548Z
sell,9220.89,0.14441523,2018-04-24T04:41:16.550Z
buy,9194.46,2.0,2018-04-24T04:41:16.564Z
buy,9070.26,0.0,2018-04-24T04:41:16.604Z
buy,9195.2,0.0,2018-04-24T04:41:16.628Z
buy,9202.02,0.0015,2018-04-24T04:41:16.643Z
buy,9169.2,0.0015,2018-04-24T04:41:16.646Z
buy,9069.67,0.0,2018-04-24T04:41:16.688Z
buy,9136.25,0.0015,2018-04-24T04:41:16.704Z
sell,9998.0,1.94219224,2018-04-24T04:41:16.743Z
buy,9136.25,0.0,2018-04-24T04:41:16.748Z
buy,9103.26,0.0,2018-04-24T04:41:16.773Z
buy,9169.2,0.0,2018-04-24T04:41:16.774Z
buy,9202.02,0.0,2018-04-24T04:41:16.775Z
buy,9070.26,0.0015,2018-04-24T04:41:16.781Z
buy,9194.46,0.0,2018-04-24T04:41:16.833Z
buy,9194.85,2.0,2018-04-24T04:41:16.846Z
buy,9070.26,0.0,2018-04-24T04:41:16.881Z
buy,9103.26,0.0015,2018-04-24T04:41:16.888Z
buy,9136.25,0.0015,2018-04-24T04:41:16.890Z
buy,9202.02,0.0015,2018-04-24T04:41:16.899Z
buy,9169.2,0.0015,2018-04-24T04:41:16.902Z
buy,9220.88,36.07530388,2018-04-24T04:41:16.911Z
sell,9243.96,0.0,2018-04-24T04:41:16.925Z
sell,9243.97,0.9,2018-04-24T04:41:16.937Z
buy,9169.2,0.0,2018-04-24T04:41:16.965Z
buy,9136.25,0.0,2018-04-24T04:41:16.987Z
buy,9103.26,0.0,2018-04-24T04:41:16.990Z
buy,9202.02,0.0,2018-04-24T04:41:16.991Z
buy,9070.26,0.0015,2018-04-24T04:41:17.022Z
buy,9169.2,0.0015,2018-04-24T04:41:17.038Z
buy,9136.25,0.0015,2018-04-24T04:41:17.046Z
buy,9169.2,0.0,2018-04-24T04:41:17.065Z
buy,9202.02,0.0015,2018-04-24T04:41:17.090Z
buy,9220.05,0.83398862,2018-04-24T04:41:17.091Z
buy,9220.84,1.08334,2018-04-24T04:41:17.098Z
buy,9220.88,36.07362388,2018-04-24T04:41:17.109Z
buy,9219.63,0.030498,2018-04-24T04:41:17.110Z
buy,9220.88,36.07529388,2018-04-24T04:41:17.118Z
buy,9220.88,36.10650187,2018-04-24T04:41:17.180Z
buy,9136.25,0.0,2018-04-24T04:41:17.209Z
buy,9218.52,0.0,2018-04-24T04:41:17.210Z
buy,9218.55,0.01,2018-04-24T04:41:17.213Z
buy,9202.02,0.0,2018-04-24T04:41:17.219Z
buy,9218.58,0.01,2018-04-24T04:41:17.221Z
buy,9103.28,0.0015,2018-04-24T04:41:17.227Z
buy,9070.28,0.0015,2018-04-24T04:41:17.232Z
buy,9169.2,0.0015,2018-04-24T04:41:17.258Z
buy,9136.25,0.0015,2018-04-24T04:41:17.263Z
buy,9218.55,0.0,2018-04-24T04:41:17.265Z
buy,9070.28,0.0,2018-04-24T04:41:17.279Z
buy,9202.02,0.0015,2018-04-24T04:41:17.307Z
buy,9218.58,0.0,2018-04-24T04:41:17.369Z
buy,9218.59,0.01,2018-04-24T04:41:17.374Z
buy,9169.2,0.0,2018-04-24T04:41:17.380Z
buy,9202.02,0.0,2018-04-24T04:41:17.399Z
buy,9103.28,0.0,2018-04-24T04:41:17.401Z
buy,9136.25,0.0,2018-04-24T04:41:17.403Z
buy,9070.28,0.0015,2018-04-24T04:41:17.434Z
buy,9202.02,0.0015,2018-04-24T04:41:17.516Z
buy,9169.2,0.0015,2018-04-24T04:41:17.518Z
buy,9169.2,0.0,2018-04-24T04:41:17.599Z
buy,9202.02,0.0,2018-04-24T04:41:17.602Z
buy,9136.25,0.0015,2018-04-24T04:41:17.604Z
buy,9190.44,6.39,2018-04-24T04:41:17.607Z
buy,9103.28,0.0015,2018-04-24T04:41:17.631Z
buy,9070.28,0.0,2018-04-24T04:41:17.646Z
buy,9202.02,0.0015,2018-04-24T04:41:17.650Z
buy,9169.2,0.0015,2018-04-24T04:41:17.660Z
buy,9218.59,0.0,2018-04-24T04:41:17.687Z
buy,9103.28,0.0,2018-04-24T04:41:17.691Z
buy,9218.17,0.01,2018-04-24T04:41:17.699Z
buy,7508.0,0.0107,2018-04-24T04:41:17.700Z
buy,9136.25,0.0,2018-04-24T04:41:17.704Z
buy,9202.02,0.0,2018-04-24T04:41:17.705Z
buy,9070.28,0.0015,2018-04-24T04:41:17.715Z
buy,9218.18,0.01,2018-04-24T04:41:17.724Z
buy,9218.17,0.0,2018-04-24T04:41:17.744Z
buy,9169.2,0.0,2018-04-24T04:41:17.745Z
buy,9103.28,0.0015,2018-04-24T04:41:17.770Z
buy,9070.28,0.0,2018-04-24T04:41:17.790Z
buy,9218.18,0.0,2018-04-24T04:41:17.796Z
buy,9136.25,0.0015,2018-04-24T04:41:17.815Z
buy,9202.02,0.0015,2018-04-24T04:41:17.831Z
buy,9169.2,0.0015,2018-04-24T04:41:17.844Z
buy,9144.26,0.11529,2018-04-24T04:41:17.848Z
buy,9136.25,0.0,2018-04-24T04:41:17.864Z
buy,9144.26,0.25171,2018-04-24T04:41:17.866Z
buy,9202.02,0.0,2018-04-24T04:41:17.896Z
buy,9220.88,41.80650187,2018-04-24T04:41:17.898Z
buy,9103.28,0.0,2018-04-24T04:41:17.899Z
buy,9070.28,0.0015,2018-04-24T04:41:17.909Z
buy,9169.2,0.0,2018-04-24T04:41:17.957Z
buy,9136.25,0.0015,2018-04-24T04:41:17.986Z
buy,9070.28,0.0,2018-04-24T04:41:18.011Z
buy,9218.22,0.01,2018-04-24T04:41:18.030Z
buy,9202.02,0.0015,2018-04-24T04:41:18.036Z
buy,9169.2,0.0015,2018-04-24T04:41:18.054Z
buy,9136.25,0.0,2018-04-24T04:41:18.062Z
buy,9198.82,0.0,2018-04-24T04:41:18.125Z
buy,9103.31,0.0015,2018-04-24T04:41:18.197Z
buy,9220.88,41.80483187,2018-04-24T04:41:18.210Z
buy,9220.88,41.80663187,2018-04-24T04:41:18.214Z
buy,9202.02,0.0,2018-04-24T04:41:18.219Z
buy,9070.31,0.0015,2018-04-24T04:41:18.259Z
buy,9169.2,0.0,2018-04-24T04:41:18.260Z
buy,9136.25,0.0015,2018-04-24T04:41:18.263Z
buy,9218.22,0.0,2018-04-24T04:41:18.269Z
buy,9070.31,0.0,2018-04-24T04:41:18.305Z
buy,9196.11,2.515,2018-04-24T04:41:18.317Z
buy,9169.2,0.0015,2018-04-24T04:41:18.342Z
buy,9202.02,0.0015,2018-04-24T04:41:18.344Z
buy,9136.25,0.0,2018-04-24T04:41:18.370Z
buy,9218.23,0.01,2018-04-24T04:41:18.373Z
buy,9103.31,0.0,2018-04-24T04:41:18.393Z
buy,9070.31,0.0015,2018-04-24T04:41:18.401Z
buy,9218.23,0.0,2018-04-24T04:41:18.503Z
sell,9220.89,0.14555365,2018-04-24T04:41:18.508Z
buy,9218.18,0.01,2018-04-24T04:41:18.724Z
buy,9169.2,0.0,2018-04-24T04:41:18.759Z
buy,9218.18,0.0,2018-04-24T04:41:18.777Z
buy,9202.02,0.0,2018-04-24T04:41:18.779Z
buy,9136.25,0.0015,2018-04-24T04:41:18.787Z
buy,9103.31,0.0015,2018-04-24T04:41:18.803Z
buy,9070.31,0.0,2018-04-24T04:41:18.836Z
buy,9144.26,0.41756000000000004,2018-04-24T04:41:18.856Z
buy,9169.2,0.0015,2018-04-24T04:41:18.858Z
buy,9103.31,0.0,2018-04-24T04:41:18.946Z
buy,9136.25,0.0,2018-04-24T04:41:18.969Z
buy,9169.2,0.0,2018-04-24T04:41:18.970Z
buy,9202.02,0.0015,2018-04-24T04:41:18.975Z
buy,9070.31,0.0015,2018-04-24T04:41:18.978Z
buy,9218.43,0.01,2018-04-24T04:41:19.066Z
buy,9202.02,0.0,2018-04-24T04:41:19.069Z
buy,9136.25,0.0015,2018-04-24T04:41:19.100Z
buy,9169.2,0.0015,2018-04-24T04:41:19.105Z
buy,9070.33,0.0015,2018-04-24T04:41:19.124Z
buy,9103.33,0.0015,2018-04-24T04:41:19.127Z
buy,9218.43,0.0,2018-04-24T04:41:19.147Z
buy,8949.11,0.1,2018-04-24T04:41:19.217Z
buy,9190.44,0.0,2018-04-24T04:41:19.304Z
sell,9349.59,0.0,2018-04-24T04:41:19.372Z
sell,9319.74,0.13391,2018-04-24T04:41:19.408Z
sell,9304.85,0.07212,2018-04-24T04:41:19.410Z
buy,9070.31,0.0,2018-04-24T04:41:19.411Z
buy,9218.51,0.01,2018-04-24T04:41:19.413Z
buy,8948.45,0.0,2018-04-24T04:41:19.416Z
buy,9202.02,0.0015,2018-04-24T04:41:19.419Z
buy,8949.58,0.1,2018-04-24T04:41:19.421Z
sell,9258.29,0.0,2018-04-24T04:41:19.604Z
buy,9218.51,0.0,2018-04-24T04:41:19.677Z
buy,9218.51,0.01,2018-04-24T04:41:19.799Z
buy,9218.51,0.0,2018-04-24T04:41:19.814Z
buy,9195.15,6.39,2018-04-24T04:41:19.900Z
buy,9169.2,0.0,2018-04-24T04:41:20.076Z
buy,9103.33,0.0,2018-04-24T04:41:20.081Z
buy,9202.02,0.0,2018-04-24T04:41:20.082Z
buy,9136.25,0.0,2018-04-24T04:41:20.083Z
buy,9070.36,0.0015,2018-04-24T04:41:20.107Z
buy,9218.82,0.01,2018-04-24T04:41:20.111Z
buy,9144.26,0.25171,2018-04-24T04:41:20.150Z
buy,9144.26,0.11529,2018-04-24T04:41:20.156Z
buy,9144.26,0.1872,2018-04-24T04:41:20.192Z
buy,9070.36,0.0,2018-04-24T04:41:20.221Z
sell,13170.39,0.001,2018-04-24T04:41:20.226Z
buy,9169.2,0.0015,2018-04-24T04:41:20.241Z
buy,9202.02,0.0015,2018-04-24T04:41:20.243Z
buy,9136.25,0.0015,2018-04-24T04:41:20.251Z
buy,9218.82,0.0,2018-04-24T04:41:20.293Z
buy,9103.36,0.0015,2018-04-24T04:41:20.300Z
buy,9194.85,0.0,2018-04-24T04:41:20.312Z
buy,9202.02,0.0,2018-04-24T04:41:20.319Z
buy,9136.25,0.0,2018-04-24T04:41:20.321Z
buy,9169.2,0.0,2018-04-24T04:41:20.323Z
buy,9070.36,0.0015,2018-04-24T04:41:20.329Z
buy,9194.46,2.0,2018-04-24T04:41:20.332Z
buy,9202.02,0.0015,2018-04-24T04:41:20.388Z
buy,9202.02,0.0,2018-04-24T04:41:20.430Z
buy,9169.2,0.0015,2018-04-24T04:41:20.456Z
buy,9136.25,0.0015,2018-04-24T04:41:20.460Z
buy,9218.55,0.01,2018-04-24T04:41:20.499Z
buy,9103.36,0.0,2018-04-24T04:41:20.504Z
sell,9220.89,0.08023154,2018-04-24T04:41:20.515Z
sell,9220.89,0.07909312,2018-04-24T04:41:20.518Z
sell,9220.89,0.0771954,2018-04-24T04:41:20.520Z
sell,9220.89,0.07542539999999999,2018-04-24T04:41:20.523Z
sell,9220.89,0.07331079,2018-04-24T04:41:20.525Z
sell,9220.89,0.07162987,2018-04-24T04:41:20.528Z
sell,9220.89,0.07027428,2018-04-24T04:41:20.530Z
sell,9220.89,0.06881038,2018-04-24T04:41:20.533Z
sell,9220.89,0.06767196,2018-04-24T04:41:20.539Z
sell,9220.89,0.06577433,2018-04-24T04:41:20.543Z
sell,9220.89,0.00802433,2018-04-24T04:41:20.546Z
sell,9220.89,0.00645201,2018-04-24T04:41:20.549Z
sell,9220.89,0.0053133,2018-04-24T04:41:20.552Z
sell,9220.89,0.0036323999999999996,2018-04-24T04:41:20.555Z
sell,9220.89,0.002277,2018-04-24T04:41:20.558Z
sell,9220.89,0.00113842,2018-04-24T04:41:20.561Z
sell,9220.89,0.0,2018-04-24T04:41:20.564Z
sell,9220.9,1.32172844,2018-04-24T04:41:20.568Z
sell,9220.9,0.00103,2018-04-24T04:41:20.571Z
sell,9220.9,0.0,2018-04-24T04:41:20.574Z
sell,9220.91,0.0014,2018-04-24T04:41:20.577Z
sell,9220.91,0.0,2018-04-24T04:41:20.580Z
sell,9220.92,0.00114,2018-04-24T04:41:20.583Z
sell,9220.92,0.0,2018-04-24T04:41:20.586Z
sell,9220.93,0.0013800000000000002,2018-04-24T04:41:20.589Z
sell,9220.93,0.0,2018-04-24T04:41:20.591Z
sell,9220.94,0.00121,2018-04-24T04:41:20.594Z
sell,9220.94,0.0,2018-04-24T04:41:20.597Z
sell,9220.95,0.00122,2018-04-24T04:41:20.599Z
sell,9220.95,0.0,2018-04-24T04:41:20.602Z
sell,9220.96,0.00132,2018-04-24T04:41:20.605Z
sell,9220.96,0.0,2018-04-24T04:41:20.607Z
sell,9220.97,0.0,2018-04-24T04:41:20.610Z
sell,9220.98,0.0,2018-04-24T04:41:20.613Z
sell,9220.99,0.0,2018-04-24T04:41:20.615Z
sell,9221.0,0.05,2018-04-24T04:41:20.618Z
sell,9221.0,0.0,2018-04-24T04:41:20.621Z
sell,9221.01,0.0,2018-04-24T04:41:20.624Z
sell,9222.35,0.0,2018-04-24T04:41:20.626Z
sell,9222.54,0.0,2018-04-24T04:41:20.629Z
sell,9223.0,1.4185466999999998,2018-04-24T04:41:20.632Z
buy,9202.02,0.0015,2018-04-24T04:41:20.635Z
buy,9220.89,2.5686,2018-04-24T04:41:20.637Z
buy,9220.92,2.5,2018-04-24T04:41:20.639Z
buy,9220.91,2.5686,2018-04-24T04:41:20.657Z
buy,9220.9,2.5686,2018-04-24T04:41:20.658Z
buy,9218.55,0.0,2018-04-24T04:41:20.659Z
buy,9220.88,36.10663187,2018-04-24T04:41:20.660Z
buy,9220.88,11.10663187,2018-04-24T04:41:20.660Z
sell,9242.12,0.0,2018-04-24T04:41:20.661Z
sell,9239.35,0.9,2018-04-24T04:41:20.662Z
buy,9220.89,19.8686,2018-04-24T04:41:20.663Z
sell,9221.01,2.03160635,2018-04-24T04:41:20.664Z
buy,9220.88,10.40663187,2018-04-24T04:41:20.668Z
buy,9220.89,2.5686,2018-04-24T04:41:20.669Z
sell,9239.41,0.9,2018-04-24T04:41:20.670Z
buy,9220.89,0.0,2018-04-24T04:41:20.671Z
sell,9242.18,0.9,2018-04-24T04:41:20.672Z
buy,9220.9,0.0,2018-04-24T04:41:20.673Z
buy,9195.99,0.0010119999999999999,2018-04-24T04:41:20.674Z
sell,9239.35,0.0,2018-04-24T04:41:20.674Z
sell,9243.97,0.0,2018-04-24T04:41:20.675Z
buy,9220.89,0.7,2018-04-24T04:41:20.676Z
buy,9220.89,14.1,2018-04-24T04:41:20.678Z
buy,9220.88,10.14663187,2018-04-24T04:41:20.678Z
buy,9220.92,0.0,2018-04-24T04:41:20.679Z
buy,9196.04,0.536045,2018-04-24T04:41:20.692Z
buy,9220.93,2.5,2018-04-24T04:41:20.695Z
sell,9239.41,1.8,2018-04-24T04:41:20.697Z
sell,9239.41,0.9,2018-04-24T04:41:20.697Z
buy,9169.2,0.0,2018-04-24T04:41:20.698Z
sell,9242.18,0.0,2018-04-24T04:41:20.699Z
buy,9220.94,2.5,2018-04-24T04:41:20.701Z
buy,9220.89,31.4,2018-04-24T04:41:20.703Z
sell,9244.02,0.9,2018-04-24T04:41:20.705Z
buy,9220.93,0.0,2018-04-24T04:41:20.706Z
buy,9220.88,7.85963187,2018-04-24T04:41:20.708Z
buy,9220.95,2.5,2018-04-24T04:41:20.709Z
buy,9220.94,0.0,2018-04-24T04:41:20.710Z
sell,9240.08,0.9,2018-04-24T04:41:20.712Z
sell,9242.85,0.9,2018-04-24T04:41:20.713Z
sell,9220.96,0.00132,2018-04-24T04:41:20.716Z
sell,9240.08,0.0,2018-04-24T04:41:20.721Z
sell,9242.85,0.0,2018-04-24T04:41:20.722Z
sell,9221.0,0.00195,2018-04-24T04:41:20.723Z
sell,9257.98,0.0,2018-04-24T04:41:20.724Z
buy,9202.02,0.0,2018-04-24T04:41:20.725Z
sell,9240.42,0.9,2018-04-24T04:41:20.726Z
buy,9136.25,0.0,2018-04-24T04:41:20.727Z
buy,9197.35,0.18741006,2018-04-24T04:41:20.728Z
sell,9220.98,0.0012699999999999999,2018-04-24T04:41:20.729Z
sell,9234.97,0.0,2018-04-24T04:41:20.730Z
buy,9220.88,6.82263187,2018-04-24T04:41:20.731Z
sell,9240.42,0.0,2018-04-24T04:41:20.731Z
buy,9220.91,0.0,2018-04-24T04:41:20.732Z
sell,9239.41,0.0,2018-04-24T04:41:20.733Z
sell,9244.02,0.0,2018-04-24T04:41:20.746Z
buy,9196.04,0.0,2018-04-24T04:41:20.747Z
buy,9220.89,30.7,2018-04-24T04:41:20.748Z
sell,9231.94,0.0,2018-04-24T04:41:20.749Z
buy,9199.76,0.0,2018-04-24T04:41:20.750Z
buy,9220.95,0.0,2018-04-24T04:41:20.752Z
sell,9236.98,1.0,2018-04-24T04:41:20.756Z
sell,9221.01,0.0,2018-04-24T04:41:20.757Z
sell,9243.18,0.9,2018-04-24T04:41:20.759Z
buy,9220.92,1.037,2018-04-24T04:41:20.761Z
buy,9220.9,0.7,2018-04-24T04:41:20.762Z
buy,9220.89,32.7,2018-04-24T04:41:20.766Z
sell,9233.44,0.5,2018-04-24T04:41:20.767Z
buy,9197.35,0.19741006,2018-04-24T04:41:20.769Z
sell,9221.0,0.11039811,2018-04-24T04:41:20.771Z
sell,9220.97,0.0015,2018-04-24T04:41:20.772Z
buy,9196.81,0.536045,2018-04-24T04:41:20.774Z
buy,9103.36,0.0015,2018-04-24T04:41:20.776Z
sell,9243.18,0.0,2018-04-24T04:41:20.777Z
sell,9221.0,3.41351057,2018-04-24T04:41:20.779Z
buy,9196.81,0.0,2018-04-24T04:41:20.781Z
buy,9197.35,0.20741006,2018-04-24T04:41:20.782Z
buy,9201.26,0.5,2018-04-24T04:41:20.784Z
sell,9220.99,0.00117,2018-04-24T04:41:20.786Z
buy,9220.9,0.0,2018-04-24T04:41:20.788Z
sell,9220.95,0.00105,2018-04-24T04:41:20.790Z
buy,9220.94,2.5686,2018-04-24T04:41:20.794Z
buy,9220.93,1.0,2018-04-24T04:41:20.797Z
sell,9240.17,0.9,2018-04-24T04:41:20.798Z
sell,9239.42,0.9,2018-04-24T04:41:20.800Z
buy,9196.05,0.536045,2018-04-24T04:41:20.803Z
sell,9240.17,0.0,2018-04-24T04:41:20.804Z
sell,9239.42,0.0,2018-04-24T04:41:20.805Z
sell,9221.0,0.11039811,2018-04-24T04:41:20.806Z
buy,9197.35,0.21741006,2018-04-24T04:41:20.808Z
sell,9221.0,0.00195,2018-04-24T04:41:20.809Z
sell,9242.18,0.9,2018-04-24T04:41:20.811Z
buy,9200.0,9.55091335,2018-04-24T04:41:20.812Z
sell,9242.18,0.0,2018-04-24T04:41:20.813Z
sell,9226.52,2.03160635,2018-04-24T04:41:20.826Z
buy,9197.35,0.22741006,2018-04-24T04:41:20.829Z
sell,9243.18,0.9,2018-04-24T04:41:20.831Z
sell,9244.79,0.9,2018-04-24T04:41:20.840Z
buy,9220.92,0.0,2018-04-24T04:41:20.842Z
buy,9197.35,0.21741006,2018-04-24T04:41:20.843Z
sell,9239.43,0.9,2018-04-24T04:41:20.845Z
buy,9197.35,0.22741006,2018-04-24T04:41:20.847Z
sell,9244.79,0.0,2018-04-24T04:41:20.849Z
sell,9240.4,0.9,2018-04-24T04:41:20.850Z
sell,9240.4,0.0,2018-04-24T04:41:20.852Z
sell,9243.18,0.0,2018-04-24T04:41:20.854Z
buy,9220.94,3.6056,2018-04-24T04:41:20.856Z
sell,9242.18,0.9,2018-04-24T04:41:20.857Z
sell,9239.4,0.9,2018-04-24T04:41:20.859Z
sell,9239.4,0.0,2018-04-24T04:41:20.860Z
buy,9197.35,0.21741006,2018-04-24T04:41:20.861Z
sell,9242.18,0.0,2018-04-24T04:41:20.861Z
sell,9244.04,0.9,2018-04-24T04:41:20.863Z
buy,9220.9,0.7,2018-04-24T04:41:20.864Z
buy,9219.4,0.0768,2018-04-24T04:41:20.865Z
buy,9196.06,0.536045,2018-04-24T04:41:20.867Z
sell,9239.42,0.9,2018-04-24T04:41:20.868Z
sell,9242.19,0.9,2018-04-24T04:41:20.871Z
sell,9220.95,0.0021885000000000003,2018-04-24T04:41:20.873Z
buy,9218.7,0.01,2018-04-24T04:41:20.874Z
sell,9239.42,0.0,2018-04-24T04:41:20.875Z
sell,9242.19,0.0,2018-04-24T04:41:20.875Z
buy,9220.9,0.0,2018-04-24T04:41:20.876Z
buy,9220.94,6.1056,2018-04-24T04:41:20.879Z
sell,9240.43,0.9,2018-04-24T04:41:20.880Z
sell,9225.89,0.0,2018-04-24T04:41:20.881Z
sell,9226.52,0.0,2018-04-24T04:41:20.881Z
sell,9243.2,0.9,2018-04-24T04:41:20.883Z
sell,9225.9,0.001,2018-04-24T04:41:20.885Z
buy,9220.93,1.7,2018-04-24T04:41:20.886Z
buy,9220.93,1.0,2018-04-24T04:41:20.900Z
buy,9218.7,0.0,2018-04-24T04:41:20.901Z
sell,9282.98,5.0,2018-04-24T04:41:20.904Z
buy,9196.05,0.0,2018-04-24T04:41:20.905Z
buy,9103.36,0.0,2018-04-24T04:41:20.906Z
sell,9224.36,2.03160635,2018-04-24T04:41:20.908Z
buy,9220.0,5.35785654,2018-04-24T04:41:20.909Z
buy,9219.99,1.52823806,2018-04-24T04:41:20.910Z
buy,9219.75,0.1488,2018-04-24T04:41:20.910Z
buy,9197.35,0.20741006,2018-04-24T04:41:20.912Z
buy,9220.94,7.1056,2018-04-24T04:41:20.913Z
sell,9223.0,1.4197367,2018-04-24T04:41:20.916Z
sell,9224.0,0.39750627,2018-04-24T04:41:20.918Z
buy,9197.35,0.19741006,2018-04-24T04:41:20.920Z
buy,9220.94,24.6056,2018-04-24T04:41:20.925Z
buy,9202.02,0.0015,2018-04-24T04:41:20.928Z
buy,9169.2,0.0015,2018-04-24T04:41:20.930Z
buy,9220.89,19.3,2018-04-24T04:41:20.931Z
buy,9220.89,2.0,2018-04-24T04:41:20.932Z
buy,9220.9,2.0,2018-04-24T04:41:20.933Z
buy,9136.25,0.0015,2018-04-24T04:41:20.943Z
sell,9239.43,0.0,2018-04-24T04:41:20.946Z
sell,9244.04,0.0,2018-04-24T04:41:20.948Z
buy,9196.06,0.0,2018-04-24T04:41:20.950Z
buy,9210.0,0.26974693,2018-04-24T04:41:20.952Z
sell,9230.99,0.0,2018-04-24T04:41:20.953Z
sell,9231.93,0.015,2018-04-24T04:41:20.958Z
sell,9239.41,0.9,2018-04-24T04:41:20.960Z
buy,9196.05,0.536045,2018-04-24T04:41:20.970Z
sell,9244.03,0.9,2018-04-24T04:41:20.974Z
buy,9196.05,0.0,2018-04-24T04:41:20.977Z
sell,9244.03,0.0,2018-04-24T04:41:20.978Z
sell,9239.41,0.0,2018-04-24T04:41:20.979Z
buy,9197.06,0.536045,2018-04-24T04:41:20.982Z
sell,9240.43,1.8,2018-04-24T04:41:20.986Z
sell,9245.04,0.9009999999999999,2018-04-24T04:41:20.988Z
buy,9213.76,0.0899,2018-04-24T04:41:20.992Z
buy,9220.94,26.6056,2018-04-24T04:41:20.994Z
buy,9136.25,0.0,2018-04-24T04:41:21.006Z
buy,9197.35,0.20741006,2018-04-24T04:41:21.012Z
buy,9169.2,0.0,2018-04-24T04:41:21.014Z
buy,9194.46,0.0,2018-04-24T04:41:21.015Z
buy,9202.02,0.0,2018-04-24T04:41:21.016Z
sell,9231.93,0.0,2018-04-24T04:41:21.018Z
buy,9103.36,0.0015,2018-04-24T04:41:21.022Z
sell,9245.04,0.001,2018-04-24T04:41:21.023Z
buy,9194.85,2.0,2018-04-24T04:41:21.025Z
sell,9230.99,0.015,2018-04-24T04:41:21.030Z
buy,9220.89,0.0,2018-04-24T04:41:21.032Z
sell,9245.05,0.9,2018-04-24T04:41:21.033Z
buy,9220.88,6.46263187,2018-04-24T04:41:21.035Z
buy,9220.94,27.3656,2018-04-24T04:41:21.037Z
sell,9225.9,0.0,2018-04-24T04:41:21.038Z
buy,9136.25,0.0015,2018-04-24T04:41:21.057Z
buy,9220.94,27.2299,2018-04-24T04:41:21.077Z
sell,9226.0,0.002,2018-04-24T04:41:21.086Z
buy,9197.35,0.19741006,2018-04-24T04:41:21.087Z
buy,9103.36,0.0,2018-04-24T04:41:21.088Z
sell,9258.29,0.26,2018-04-24T04:41:21.106Z
sell,9247.93,0.0,2018-04-24T04:41:21.131Z
sell,9249.78,0.5,2018-04-24T04:41:21.150Z
buy,9220.93,1.35,2018-04-24T04:41:21.157Z
buy,9219.1,0.01,2018-04-24T04:41:21.160Z
sell,9226.0,0.001,2018-04-24T04:41:21.163Z
sell,9225.93,0.001,2018-04-24T04:41:21.174Z
sell,9230.99,0.0,2018-04-24T04:41:21.178Z
buy,9219.1,0.0,2018-04-24T04:41:21.181Z
buy,9103.38,0.0015,2018-04-24T04:41:21.184Z
buy,9169.2,0.0015,2018-04-24T04:41:21.186Z
buy,9070.38,0.0015,2018-04-24T04:41:21.189Z
sell,9230.98,0.015,2018-04-24T04:41:21.202Z
buy,9210.17,0.0983,2018-04-24T04:41:21.207Z
sell,9250.0,17.94971359,2018-04-24T04:41:21.209Z
buy,9220.94,28.1639,2018-04-24T04:41:21.214Z
sell,9225.93,0.0,2018-04-24T04:41:21.234Z
sell,9260.0,4.78781196,2018-04-24T04:41:21.251Z
sell,9226.0,0.002,2018-04-24T04:41:21.276Z
buy,9220.88,6.43142388,2018-04-24T04:41:21.280Z
buy,9169.2,0.0,2018-04-24T04:41:21.288Z
buy,9220.93,1.0,2018-04-24T04:41:21.290Z
sell,9230.98,0.0,2018-04-24T04:41:21.312Z
buy,9220.84,0.0,2018-04-24T04:41:21.314Z
buy,9202.02,0.0015,2018-04-24T04:41:21.324Z
sell,9231.97,0.015,2018-04-24T04:41:21.326Z
buy,9103.38,0.0,2018-04-24T04:41:21.349Z
buy,9220.94,28.5039,2018-04-24T04:41:21.359Z
buy,9169.2,0.0015,2018-04-24T04:41:21.377Z
buy,9220.0,5.35920654,2018-04-24T04:41:21.384Z
sell,9231.97,0.0,2018-04-24T04:41:21.413Z
sell,9230.98,0.015,2018-04-24T04:41:21.423Z
buy,9206.58,0.1066,2018-04-24T04:41:21.442Z
buy,9205.85,0.0,2018-04-24T04:41:21.453Z
buy,9206.7,1.0,2018-04-24T04:41:21.468Z
sell,9226.0,0.001,2018-04-24T04:41:21.481Z
buy,9220.88,5.99842388,2018-04-24T04:41:21.503Z
buy,9219.22,0.01,2018-04-24T04:41:21.515Z
sell,9230.98,0.0,2018-04-24T04:41:21.518Z
sell,9227.29,0.001,2018-04-24T04:41:21.526Z
sell,9231.97,0.015,2018-04-24T04:41:21.532Z
buy,9220.94,28.53510778,2018-04-24T04:41:21.539Z
buy,9219.22,0.0,2018-04-24T04:41:21.547Z
buy,9202.02,0.0,2018-04-24T04:41:21.567Z
buy,9169.2,0.0,2018-04-24T04:41:21.587Z
buy,9136.25,0.0,2018-04-24T04:41:21.588Z
sell,9227.29,0.0,2018-04-24T04:41:21.591Z
buy,9103.38,0.0015,2018-04-24T04:41:21.609Z
sell,9227.94,0.001,2018-04-24T04:41:21.612Z
buy,9070.33,0.0,2018-04-24T04:41:21.626Z
sell,9220.98,0.0,2018-04-24T04:41:21.629Z
sell,9220.96,0.0,2018-04-24T04:41:21.632Z
buy,9202.02,0.0015,2018-04-24T04:41:21.651Z
buy,9169.2,0.0015,2018-04-24T04:41:21.654Z
sell,9227.94,0.0,2018-04-24T04:41:21.668Z
buy,9202.99,0.1149,2018-04-24T04:41:21.685Z
sell,9227.25,0.001,2018-04-24T04:41:21.711Z
buy,9169.2,0.0,2018-04-24T04:41:21.719Z
buy,9202.02,0.0,2018-04-24T04:41:21.740Z
buy,9136.25,0.0015,2018-04-24T04:41:21.749Z
sell,9227.25,0.0,2018-04-24T04:41:21.767Z
buy,9169.2,0.0015,2018-04-24T04:41:21.795Z
sell,9225.97,0.001,2018-04-24T04:41:21.883Z
buy,9136.25,0.0,2018-04-24T04:41:21.886Z
buy,9202.02,0.0015,2018-04-24T04:41:21.891Z
buy,9219.42,0.01,2018-04-24T04:41:21.899Z
buy,9220.94,41.73510778,2018-04-24T04:41:21.923Z
sell,9225.97,0.0,2018-04-24T04:41:21.927Z
sell,9220.97,0.0,2018-04-24T04:41:21.928Z
sell,9220.99,0.0,2018-04-24T04:41:21.929Z
sell,9221.0,0.0,2018-04-24T04:41:21.930Z
buy,9169.2,0.0,2018-04-24T04:41:21.931Z
sell,9224.83,0.10198,2018-04-24T04:41:21.933Z
buy,9219.42,0.0,2018-04-24T04:41:21.938Z
sell,9225.98,0.036000000000000004,2018-04-24T04:41:21.947Z
buy,9136.25,0.0015,2018-04-24T04:41:21.950Z
buy,9197.35,0.18741006,2018-04-24T04:41:21.954Z
buy,9197.35,0.19741006,2018-04-24T04:41:22.030Z
sell,9225.98,0.035,2018-04-24T04:41:22.033Z
buy,9202.02,0.0,2018-04-24T04:41:22.035Z
sell,9225.99,0.001,2018-04-24T04:41:22.039Z
buy,9169.2,0.0015,2018-04-24T04:41:22.047Z
buy,9070.38,0.0,2018-04-24T04:41:22.098Z
buy,9202.02,0.0015,2018-04-24T04:41:22.125Z
buy,9103.38,0.0,2018-04-24T04:41:22.133Z
buy,9136.25,0.0,2018-04-24T04:41:22.134Z
buy,9169.2,0.0,2018-04-24T04:41:22.136Z
buy,9070.4,0.0015,2018-04-24T04:41:22.141Z
sell,9224.99,5.021059999999999,2018-04-24T04:41:22.151Z
sell,9225.0,11.80538713,2018-04-24T04:41:22.153Z
sell,9225.1,0.00216,2018-04-24T04:41:22.156Z
buy,9219.6,0.01,2018-04-24T04:41:22.183Z
buy,9202.02,0.0,2018-04-24T04:41:22.294Z
sell,9225.99,0.0,2018-04-24T04:41:22.297Z
buy,9198.37,0.0,2018-04-24T04:41:22.381Z
buy,9169.2,0.0015,2018-04-24T04:41:22.386Z
buy,9136.25,0.0015,2018-04-24T04:41:22.389Z
buy,9103.4,0.0015,2018-04-24T04:41:22.393Z
sell,9226.01,0.001,2018-04-24T04:41:22.394Z
sell,9226.01,0.0,2018-04-24T04:41:22.404Z
sell,9225.96,0.001,2018-04-24T04:41:22.407Z
buy,9199.87,1.49741128,2018-04-24T04:41:22.417Z
sell,9225.96,0.0,2018-04-24T04:41:22.425Z
buy,9070.4,0.0,2018-04-24T04:41:22.438Z
buy,9202.02,0.0015,2018-04-24T04:41:22.465Z
sell,9225.94,0.0462,2018-04-24T04:41:22.485Z
buy,9103.4,0.0,2018-04-24T04:41:22.499Z
buy,9136.25,0.0,2018-04-24T04:41:22.522Z
buy,9169.2,0.0,2018-04-24T04:41:22.524Z
buy,9219.6,0.0,2018-04-24T04:41:22.526Z
sell,9225.94,0.0452,2018-04-24T04:41:22.528Z
buy,9070.4,0.0015,2018-04-24T04:41:22.530Z
sell,9225.95,0.001,2018-04-24T04:41:22.537Z
buy,9219.61,0.01,2018-04-24T04:41:22.539Z
buy,9220.88,5.89042388,2018-04-24T04:41:22.540Z
buy,9220.94,41.84310778,2018-04-24T04:41:22.550Z
buy,9202.02,0.0,2018-04-24T04:41:22.573Z
sell,9225.95,0.0,2018-04-24T04:41:22.589Z
buy,9136.25,0.0015,2018-04-24T04:41:22.591Z
buy,9219.61,0.0,2018-04-24T04:41:22.595Z
buy,9103.4,0.0015,2018-04-24T04:41:22.603Z
sell,9227.27,0.001,2018-04-24T04:41:22.665Z
buy,9070.4,0.0,2018-04-24T04:41:22.670Z
buy,9103.4,0.0,2018-04-24T04:41:22.790Z
sell,9227.27,0.0,2018-04-24T04:41:22.791Z
buy,9202.02,0.0015,2018-04-24T04:41:22.794Z
buy,9169.2,0.0015,2018-04-24T04:41:22.797Z
sell,9225.95,0.001,2018-04-24T04:41:22.805Z
buy,9136.25,0.0,2018-04-24T04:41:22.810Z
buy,9070.4,0.0015,2018-04-24T04:41:22.814Z
buy,9202.02,0.0,2018-04-24T04:41:22.819Z
buy,8810.0,4.92917445,2018-04-24T04:41:22.821Z
buy,9169.2,0.0,2018-04-24T04:41:22.829Z
buy,9136.25,0.0015,2018-04-24T04:41:22.833Z
buy,9103.4,0.0015,2018-04-24T04:41:22.835Z
sell,9225.95,0.0,2018-04-24T04:41:22.836Z
buy,9070.4,0.0,2018-04-24T04:41:22.855Z
buy,9202.02,0.0015,2018-04-24T04:41:22.883Z
buy,9219.81,0.01,2018-04-24T04:41:22.886Z
sell,9227.42,0.001,2018-04-24T04:41:22.906Z
buy,9103.4,0.0,2018-04-24T04:41:22.908Z
buy,9219.81,0.0,2018-04-24T04:41:22.912Z
buy,9136.25,0.0,2018-04-24T04:41:22.926Z
sell,9222.99,0.00135521,2018-04-24T04:41:22.933Z
buy,9169.2,0.0015,2018-04-24T04:41:22.934Z
buy,9070.4,0.0015,2018-04-24T04:41:22.937Z
sell,9227.42,0.0,2018-04-24T04:41:22.984Z
sell,9225.1,0.001,2018-04-24T04:41:22.985Z
sell,9225.95,0.001,2018-04-24T04:41:22.987Z
buy,9202.02,0.0,2018-04-24T04:41:23.030Z
sell,9225.95,0.0,2018-04-24T04:41:23.047Z
buy,9169.2,0.0,2018-04-24T04:41:23.051Z
sell,9227.62,0.001,2018-04-24T04:41:23.056Z
buy,9103.4,0.0015,2018-04-24T04:41:23.063Z
buy,9136.25,0.0015,2018-04-24T04:41:23.066Z
buy,9070.4,0.0,2018-04-24T04:41:23.067Z
buy,8949.58,0.0,2018-04-24T04:41:23.069Z
buy,8949.11,0.0,2018-04-24T04:41:23.073Z
buy,9202.02,0.0015,2018-04-24T04:41:23.075Z
buy,8947.33,0.1,2018-04-24T04:41:23.077Z
sell,9227.62,0.0,2018-04-24T04:41:23.114Z
sell,9227.66,0.001,2018-04-24T04:41:23.165Z
buy,9103.4,0.0,2018-04-24T04:41:23.166Z
buy,9144.26,0.21164000000000002,2018-04-24T04:41:23.172Z
buy,9136.25,0.0,2018-04-24T04:41:23.178Z
buy,9202.02,0.0,2018-04-24T04:41:23.179Z
buy,9070.43,0.0015,2018-04-24T04:41:23.187Z
sell,9227.66,0.0,2018-04-24T04:41:23.202Z
sell,9225.95,0.001,2018-04-24T04:41:23.211Z
buy,9219.42,0.01,2018-04-24T04:41:23.217Z
sell,9225.95,0.0,2018-04-24T04:41:23.296Z
sell,9227.89,0.001,2018-04-24T04:41:23.313Z
buy,9219.42,0.0,2018-04-24T04:41:23.315Z
buy,9070.43,0.0,2018-04-24T04:41:23.319Z
buy,9169.2,0.0015,2018-04-24T04:41:23.322Z
buy,9136.25,0.0015,2018-04-24T04:41:23.330Z
sell,9227.89,0.0,2018-04-24T04:41:23.365Z
sell,9225.95,0.001,2018-04-24T04:41:23.376Z
buy,9103.43,0.0015,2018-04-24T04:41:23.407Z
buy,9202.02,0.0015,2018-04-24T04:41:23.438Z
sell,9225.95,0.0,2018-04-24T04:41:23.475Z
buy,9169.2,0.0,2018-04-24T04:41:23.596Z
buy,9202.02,0.0,2018-04-24T04:41:23.606Z
buy,9136.25,0.0,2018-04-24T04:41:23.607Z
buy,9103.43,0.0,2018-04-24T04:41:23.608Z
buy,9070.43,0.0015,2018-04-24T04:41:23.632Z
sell,9227.9,0.001,2018-04-24T04:41:23.635Z
buy,9219.51,0.01,2018-04-24T04:41:23.637Z
buy,9219.51,0.0,2018-04-24T04:41:23.669Z
sell,9227.9,0.0,2018-04-24T04:41:23.678Z
buy,9169.2,0.0015,2018-04-24T04:41:23.684Z
sell,9225.95,0.001,2018-04-24T04:41:23.688Z
buy,9202.02,0.0015,2018-04-24T04:41:23.727Z
sell,9225.95,0.0,2018-04-24T04:41:23.735Z
buy,9169.2,0.0,2018-04-24T04:41:23.736Z
buy,9136.25,0.0015,2018-04-24T04:41:23.743Z
buy,9103.43,0.0015,2018-04-24T04:41:23.785Z
sell,9227.9,0.001,2018-04-24T04:41:23.791Z
sell,9236.98,0.0,2018-04-24T04:41:23.830Z
buy,9202.02,0.0,2018-04-24T04:41:23.832Z
sell,9227.9,0.0,2018-04-24T04:41:23.839Z
buy,9136.25,0.0,2018-04-24T04:41:23.869Z
buy,9103.43,0.0,2018-04-24T04:41:23.932Z
buy,9069.96,0.0,2018-04-24T04:41:23.977Z
buy,8950.76,0.1,2018-04-24T04:41:24.101Z
sell,9234.97,1.0,2018-04-24T04:41:24.102Z
sell,9225.95,0.001,2018-04-24T04:41:24.113Z
buy,9219.62,0.01,2018-04-24T04:41:24.114Z
buy,9169.2,0.0015,2018-04-24T04:41:24.125Z
buy,9202.02,0.0015,2018-04-24T04:41:24.127Z
buy,9136.25,0.0015,2018-04-24T04:41:24.129Z
buy,9103.43,0.0015,2018-04-24T04:41:24.133Z
buy,9219.62,0.0,2018-04-24T04:41:24.146Z
buy,9196.11,0.0,2018-04-24T04:41:24.169Z
sell,9225.95,0.0,2018-04-24T04:41:24.175Z
buy,9169.2,0.0,2018-04-24T04:41:24.188Z
sell,9227.91,0.001,2018-04-24T04:41:24.226Z
buy,9070.45,0.0015,2018-04-24T04:41:24.228Z
sell,9227.91,0.0,2018-04-24T04:41:24.271Z
buy,9219.73,0.01,2018-04-24T04:41:24.274Z
sell,9225.95,0.001,2018-04-24T04:41:24.281Z
buy,9219.73,0.0,2018-04-24T04:41:24.311Z
sell,9225.95,0.0,2018-04-24T04:41:24.327Z
buy,9136.25,0.0,2018-04-24T04:41:24.349Z
sell,9227.91,0.001,2018-04-24T04:41:24.370Z
buy,9202.02,0.0,2018-04-24T04:41:24.373Z
buy,9103.45,0.0015,2018-04-24T04:41:24.383Z
buy,9169.2,0.0015,2018-04-24T04:41:24.399Z
sell,9227.91,0.0,2018-04-24T04:41:24.417Z
buy,9136.25,0.0015,2018-04-24T04:41:24.421Z
buy,9201.34,2.515,2018-04-24T04:41:24.440Z
sell,9225.95,0.001,2018-04-24T04:41:24.445Z
buy,9103.43,0.0,2018-04-24T04:41:24.449Z
buy,9202.02,0.0015,2018-04-24T04:41:24.463Z
sell,9225.95,0.0,2018-04-24T04:41:24.505Z
sell,9228.0,0.31940131,2018-04-24T04:41:24.536Z
sell,9227.94,0.001,2018-04-24T04:41:24.550Z
buy,9219.81,0.01,2018-04-24T04:41:24.613Z
sell,9227.94,0.0,2018-04-24T04:41:24.622Z
sell,9220.95,0.027188499999999997,2018-04-24T04:41:24.641Z
sell,9225.95,0.001,2018-04-24T04:41:24.660Z
sell,9242.42,0.0,2018-04-24T04:41:24.677Z
buy,9201.26,0.0,2018-04-24T04:41:24.691Z
buy,9199.36,0.0,2018-04-24T04:41:24.701Z
buy,9201.01,0.5,2018-04-24T04:41:24.710Z
sell,9242.48,0.005,2018-04-24T04:41:24.712Z
sell,9225.95,0.0,2018-04-24T04:41:24.729Z
sell,9231.97,0.0,2018-04-24T04:41:24.733Z
sell,9230.99,0.015,2018-04-24T04:41:24.767Z
buy,9219.81,0.0,2018-04-24T04:41:24.771Z
sell,9233.44,0.0,2018-04-24T04:41:24.773Z
buy,9201.01,0.0,2018-04-24T04:41:24.774Z
sell,9227.94,0.001,2018-04-24T04:41:24.776Z
buy,9201.26,0.5,2018-04-24T04:41:24.791Z
sell,9233.44,0.5,2018-04-24T04:41:24.794Z
buy,9201.26,0.0,2018-04-24T04:41:24.848Z
buy,9201.01,0.5,2018-04-24T04:41:24.866Z
sell,9227.94,0.0,2018-04-24T04:41:24.868Z
buy,9201.01,0.0,2018-04-24T04:41:24.875Z
sell,9249.78,0.0,2018-04-24T04:41:24.886Z
sell,9233.44,0.0,2018-04-24T04:41:24.897Z
buy,9201.26,0.5,2018-04-24T04:41:24.899Z
sell,9225.95,0.001,2018-04-24T04:41:24.908Z
sell,9233.69,0.5,2018-04-24T04:41:24.915Z
sell,9252.52,0.5,2018-04-24T04:41:24.916Z
buy,9201.26,0.0,2018-04-24T04:41:24.917Z
buy,9220.94,41.85310778,2018-04-24T04:41:24.944Z
sell,9233.69,0.0,2018-04-24T04:41:24.951Z
buy,9201.26,0.5,2018-04-24T04:41:24.966Z
sell,9233.44,0.5,2018-04-24T04:41:24.975Z
sell,9225.95,0.0,2018-04-24T04:41:24.999Z
sell,9227.94,0.001,2018-04-24T04:41:25.039Z
sell,9258.29,0.0,2018-04-24T04:41:25.077Z
sell,9227.94,0.0,2018-04-24T04:41:25.110Z
buy,9136.25,0.0,2018-04-24T04:41:25.190Z
sell,9225.95,0.001,2018-04-24T04:41:25.194Z
buy,9144.26,0.21808000000000002,2018-04-24T04:41:25.197Z
buy,9169.2,0.0,2018-04-24T04:41:25.208Z
buy,9202.02,0.0,2018-04-24T04:41:25.212Z
buy,9103.45,0.0,2018-04-24T04:41:25.244Z
buy,9220.94,41.84310778,2018-04-24T04:41:25.246Z
buy,9199.42,0.01,2018-04-24T04:41:25.267Z
buy,9070.48,0.0015,2018-04-24T04:41:25.272Z
sell,9225.95,0.0,2018-04-24T04:41:25.293Z
sell,9227.94,0.001,2018-04-24T04:41:25.303Z
buy,9220.94,41.85310778,2018-04-24T04:41:25.306Z
buy,9070.48,0.0,2018-04-24T04:41:25.323Z
buy,9220.94,41.84310778,2018-04-24T04:41:25.337Z
buy,9169.2,0.0015,2018-04-24T04:41:25.340Z
buy,9136.25,0.0015,2018-04-24T04:41:25.365Z
buy,9070.45,0.0,2018-04-24T04:41:25.368Z
buy,9103.48,0.0015,2018-04-24T04:41:25.371Z
buy,9070.48,0.0015,2018-04-24T04:41:25.378Z
buy,9136.25,0.0,2018-04-24T04:41:25.416Z
buy,9202.02,0.0015,2018-04-24T04:41:25.439Z
buy,9169.2,0.0,2018-04-24T04:41:25.485Z
buy,9136.25,0.0015,2018-04-24T04:41:25.504Z
buy,9202.02,0.0,2018-04-24T04:41:25.531Z
sell,9252.52,0.0,2018-04-24T04:41:25.563Z
buy,9169.2,0.0015,2018-04-24T04:41:25.565Z
sell,9249.78,0.5,2018-04-24T04:41:25.571Z
buy,9070.48,0.0,2018-04-24T04:41:25.629Z
buy,9219.78,0.01,2018-04-24T04:41:25.652Z
buy,9202.02,0.0015,2018-04-24T04:41:25.655Z
buy,9219.78,0.0,2018-04-24T04:41:25.687Z
buy,9103.48,0.0,2018-04-24T04:41:25.722Z
buy,9136.25,0.0,2018-04-24T04:41:25.740Z
buy,9169.2,0.0,2018-04-24T04:41:25.742Z
buy,9070.48,0.0015,2018-04-24T04:41:25.748Z
sell,9355.7,0.0,2018-04-24T04:41:25.764Z
buy,9202.02,0.0,2018-04-24T04:41:25.771Z
buy,9103.48,0.0015,2018-04-24T04:41:25.801Z
buy,9070.48,0.0,2018-04-24T04:41:25.814Z
buy,9220.9,3.08323,2018-04-24T04:41:25.845Z
buy,9136.25,0.0015,2018-04-24T04:41:25.849Z
buy,9103.48,0.0,2018-04-24T04:41:25.861Z
buy,9202.02,0.0015,2018-04-24T04:41:25.916Z
buy,9169.2,0.0015,2018-04-24T04:41:25.918Z
buy,9136.25,0.0,2018-04-24T04:41:25.922Z
buy,9070.48,0.0015,2018-04-24T04:41:25.935Z
buy,9169.2,0.0,2018-04-24T04:41:25.948Z
buy,9202.02,0.0,2018-04-24T04:41:25.966Z
buy,9103.48,0.0015,2018-04-24T04:41:25.973Z
buy,9219.61,0.01,2018-04-24T04:41:25.977Z
buy,9136.25,0.0015,2018-04-24T04:41:26.028Z
sell,9258.29,0.26,2018-04-24T04:41:26.074Z
buy,9169.2,0.0015,2018-04-24T04:41:26.079Z
buy,9103.48,0.0,2018-04-24T04:41:26.092Z
buy,9202.02,0.0015,2018-04-24T04:41:26.122Z
buy,9144.26,0.2425,2018-04-24T04:41:26.167Z
buy,9169.2,0.0,2018-04-24T04:41:26.182Z
buy,9136.25,0.0,2018-04-24T04:41:26.205Z
buy,9103.48,0.0015,2018-04-24T04:41:26.243Z
buy,9219.61,0.0,2018-04-24T04:41:26.284Z
sell,9227.94,0.0,2018-04-24T04:41:26.347Z
buy,9219.71,0.01,2018-04-24T04:41:26.351Z
buy,9202.02,0.0,2018-04-24T04:41:26.354Z
sell,9225.95,0.001,2018-04-24T04:41:26.360Z
buy,9103.5,0.0015,2018-04-24T04:41:26.362Z
buy,9103.48,0.0,2018-04-24T04:41:26.368Z
buy,9070.5,0.0015,2018-04-24T04:41:26.376Z
buy,9169.2,0.0015,2018-04-24T04:41:26.386Z
buy,9136.25,0.0015,2018-04-24T04:41:26.393Z
buy,9202.02,0.0015,2018-04-24T04:41:26.439Z
buy,9219.71,0.0,2018-04-24T04:41:26.564Z
buy,9219.84,0.01,2018-04-24T04:41:26.674Z
buy,9219.84,0.0,2018-04-24T04:41:26.710Z
sell,9282.98,0.0,2018-04-24T04:41:26.952Z
sell,9257.98,5.0,2018-04-24T04:41:26.992Z
buy,9220.94,41.85310778,2018-04-24T04:41:27.032Z
buy,9195.15,0.0,2018-04-24T04:41:27.102Z
buy,9144.26,0.21808000000000002,2018-04-24T04:41:27.158Z
buy,9144.26,0.19364,2018-04-24T04:41:27.162Z
buy,9144.26,0.1872,2018-04-24T04:41:27.164Z
buy,9169.2,0.0,2018-04-24T04:41:27.242Z
buy,9202.02,0.0,2018-04-24T04:41:27.264Z
buy,9103.5,0.0,2018-04-24T04:41:27.266Z
buy,9136.25,0.0,2018-04-24T04:41:27.268Z
buy,9103.52,0.0015,2018-04-24T04:41:27.275Z
buy,9070.52,0.0015,2018-04-24T04:41:27.283Z
buy,9103.52,0.0,2018-04-24T04:41:27.397Z
buy,9202.02,0.0015,2018-04-24T04:41:27.430Z
buy,9202.02,0.0,2018-04-24T04:41:27.506Z
buy,9169.2,0.0015,2018-04-24T04:41:27.509Z
buy,9136.25,0.0015,2018-04-24T04:41:27.515Z
buy,9103.52,0.0015,2018-04-24T04:41:27.518Z
buy,9070.5,0.0,2018-04-24T04:41:27.563Z
buy,9202.02,0.0015,2018-04-24T04:41:27.610Z
buy,9220.94,41.84310778,2018-04-24T04:41:27.612Z
buy,9219.76,0.01,2018-04-24T04:41:27.614Z
buy,9219.76,0.0,2018-04-24T04:41:27.773Z
buy,9219.79,0.01,2018-04-24T04:41:27.780Z
buy,8357.0,0.0,2018-04-24T04:41:27.809Z
buy,9181.0,0.061,2018-04-24T04:41:27.877Z
buy,9219.79,0.0,2018-04-24T04:41:28.011Z
buy,9220.94,41.85310778,2018-04-24T04:41:28.079Z
buy,8947.33,0.0,2018-04-24T04:41:28.164Z
buy,8950.76,0.0,2018-04-24T04:41:28.168Z
buy,9220.88,5.85172388,2018-04-24T04:41:28.254Z
buy,8947.3,0.1,2018-04-24T04:41:28.297Z
buy,9192.97,6.39,2018-04-24T04:41:28.299Z
buy,9144.26,0.41756000000000004,2018-04-24T04:41:28.300Z
buy,9169.2,0.0,2018-04-24T04:41:28.393Z
buy,9103.52,0.0,2018-04-24T04:41:28.421Z
buy,9136.25,0.0,2018-04-24T04:41:28.422Z
buy,9202.02,0.0,2018-04-24T04:41:28.424Z
buy,9103.55,0.0015,2018-04-24T04:41:28.428Z
buy,9070.55,0.0015,2018-04-24T04:41:28.431Z
buy,9169.2,0.0015,2018-04-24T04:41:28.479Z
buy,9220.94,46.85310778,2018-04-24T04:41:28.763Z
buy,9169.2,0.0,2018-04-24T04:41:28.791Z
buy,9136.25,0.0015,2018-04-24T04:41:28.813Z
buy,9192.97,0.0,2018-04-24T04:41:28.997Z
buy,9200.0,9.49773224,2018-04-24T04:41:29.015Z
buy,9103.55,0.0,2018-04-24T04:41:29.028Z
buy,9202.02,0.0015,2018-04-24T04:41:29.056Z
buy,9169.2,0.0015,2018-04-24T04:41:29.076Z
buy,9136.25,0.0,2018-04-24T04:41:29.087Z
buy,9103.55,0.0015,2018-04-24T04:41:29.094Z
buy,9220.94,48.85310778,2018-04-24T04:41:29.164Z
buy,9169.2,0.0,2018-04-24T04:41:29.189Z
buy,9202.02,0.0,2018-04-24T04:41:29.199Z
buy,9136.25,0.0015,2018-04-24T04:41:29.211Z
buy,9103.55,0.0,2018-04-24T04:41:29.260Z
buy,9220.94,48.84310778,2018-04-24T04:41:29.263Z
buy,9219.83,0.01,2018-04-24T04:41:29.274Z
buy,9219.84,0.01,2018-04-24T04:41:29.295Z
buy,9202.02,0.0015,2018-04-24T04:41:29.297Z
buy,9169.2,0.0015,2018-04-24T04:41:29.300Z
buy,9219.83,0.0,2018-04-24T04:41:29.334Z
buy,9219.84,0.0,2018-04-24T04:41:29.387Z
buy,9220.94,48.85310778,2018-04-24T04:41:29.405Z
buy,9202.02,0.0,2018-04-24T04:41:29.417Z
buy,9136.25,0.0,2018-04-24T04:41:29.449Z
buy,9169.2,0.0,2018-04-24T04:41:29.451Z
buy,9103.57,0.0015,2018-04-24T04:41:29.454Z
buy,9070.57,0.0015,2018-04-24T04:41:29.456Z
buy,9202.02,0.0015,2018-04-24T04:41:29.505Z
buy,9136.25,0.0015,2018-04-24T04:41:29.581Z
buy,9202.02,0.0,2018-04-24T04:41:29.587Z
buy,9169.2,0.0015,2018-04-24T04:41:29.716Z
sell,9233.44,0.0,2018-04-24T04:41:29.791Z
buy,9201.26,0.0,2018-04-24T04:41:29.800Z
sell,9234.44,0.5,2018-04-24T04:41:29.802Z
buy,9169.2,0.0,2018-04-24T04:41:29.805Z
buy,9202.01,0.515,2018-04-24T04:41:29.806Z
buy,9202.02,0.0015,2018-04-24T04:41:29.813Z
sell,9234.44,0.0,2018-04-24T04:41:29.814Z
buy,9202.01,0.015,2018-04-24T04:41:29.816Z
buy,9220.94,48.85499778,2018-04-24T04:41:29.819Z
buy,9220.93,1.00125,2018-04-24T04:41:29.820Z
sell,9234.69,0.5,2018-04-24T04:41:29.828Z
buy,9202.26,0.5,2018-04-24T04:41:29.831Z
buy,9202.02,0.0,2018-04-24T04:41:29.832Z
sell,9249.78,0.0,2018-04-24T04:41:29.846Z
buy,9169.2,0.0015,2018-04-24T04:41:29.852Z
sell,9252.52,0.5,2018-04-24T04:41:29.864Z
buy,9103.57,0.0,2018-04-24T04:41:29.871Z
buy,9202.02,0.0015,2018-04-24T04:41:29.879Z
buy,9169.2,0.0,2018-04-24T04:41:29.910Z
buy,9202.27,0.0015,2018-04-24T04:41:29.944Z
buy,9220.88,3.50172388,2018-04-24T04:41:30.010Z
buy,9136.25,0.0,2018-04-24T04:41:30.019Z
buy,9202.02,0.0,2018-04-24T04:41:30.020Z
buy,9103.57,0.0015,2018-04-24T04:41:30.024Z
buy,9202.27,0.0,2018-04-24T04:41:30.056Z
buy,9220.94,48.84499778,2018-04-24T04:41:30.075Z
buy,9219.87,0.01,2018-04-24T04:41:30.080Z
sell,9224.36,2.03274635,2018-04-24T04:41:30.085Z
buy,9169.2,0.0015,2018-04-24T04:41:30.103Z
buy,9103.57,0.0,2018-04-24T04:41:30.104Z
buy,9136.25,0.0015,2018-04-24T04:41:30.111Z
buy,9220.9,3.08426,2018-04-24T04:41:30.121Z
buy,9195.47,6.39,2018-04-24T04:41:30.122Z
buy,9202.27,0.0015,2018-04-24T04:41:30.139Z
buy,9169.2,0.0,2018-04-24T04:41:30.145Z
buy,9136.25,0.0,2018-04-24T04:41:30.166Z
buy,9219.87,0.0,2018-04-24T04:41:30.171Z
buy,9103.57,0.0015,2018-04-24T04:41:30.176Z
buy,9220.94,48.85499778,2018-04-24T04:41:30.177Z
buy,9220.94,46.85499778,2018-04-24T04:41:30.197Z
buy,9193.33,0.0,2018-04-24T04:41:30.199Z
buy,9202.27,0.0,2018-04-24T04:41:30.237Z
buy,9220.94,48.85499778,2018-04-24T04:41:30.242Z
buy,9169.2,0.0015,2018-04-24T04:41:30.258Z
sell,10143.05,0.01,2018-04-24T04:41:30.370Z
buy,9070.55,0.0,2018-04-24T04:41:30.398Z
buy,9103.57,0.0,2018-04-24T04:41:30.424Z
buy,9136.25,0.0015,2018-04-24T04:41:30.428Z
buy,9070.6,0.0015,2018-04-24T04:41:30.432Z
buy,9103.6,0.0015,2018-04-24T04:41:30.436Z
sell,9350.0,36.41527541,2018-04-24T04:41:30.456Z
buy,9202.27,0.0015,2018-04-24T04:41:30.465Z
sell,9220.95,0.0261385,2018-04-24T04:41:30.481Z
sell,9220.95,0.025,2018-04-24T04:41:30.484Z
sell,9220.95,0.0,2018-04-24T04:41:30.487Z
sell,9222.99,0.0,2018-04-24T04:41:30.491Z
sell,9223.0,0.0021899999999999997,2018-04-24T04:41:30.494Z
sell,9223.0,0.00119,2018-04-24T04:41:30.496Z
sell,9223.0,0.0,2018-04-24T04:41:30.499Z
sell,9257.98,0.0,2018-04-24T04:41:30.508Z
sell,9234.97,0.0,2018-04-24T04:41:30.509Z
sell,9240.43,0.9,2018-04-24T04:41:30.516Z
sell,9243.2,0.0,2018-04-24T04:41:30.517Z
sell,9240.43,0.0,2018-04-24T04:41:30.518Z
sell,9245.05,0.0,2018-04-24T04:41:30.519Z
buy,9197.06,0.0,2018-04-24T04:41:30.520Z
buy,9220.94,35.65499778,2018-04-24T04:41:30.528Z
buy,9220.94,34.89499778,2018-04-24T04:41:30.537Z
sell,9225.95,0.0,2018-04-24T04:41:30.590Z
sell,9230.99,0.0,2018-04-24T04:41:30.599Z
sell,9258.29,0.0,2018-04-24T04:41:30.618Z
sell,9223.99,3.30204174,2018-04-24T04:41:30.625Z
sell,9238.54,1.0,2018-04-24T04:41:30.628Z
buy,9222.98,2.5537,2018-04-24T04:41:30.631Z
buy,9220.95,2.0,2018-04-24T04:41:30.636Z
buy,9221.36,0.5851,2018-04-24T04:41:30.639Z
buy,9220.95,2.7,2018-04-24T04:41:30.644Z
sell,9241.11,0.9,2018-04-24T04:41:30.647Z
sell,9223.99,3.41045469,2018-04-24T04:41:30.650Z
buy,9220.95,12.9,2018-04-24T04:41:30.652Z
buy,9220.94,32.46209778,2018-04-24T04:41:30.656Z
sell,9231.97,0.015,2018-04-24T04:41:30.663Z
buy,9220.94,30.46209778,2018-04-24T04:41:30.678Z
sell,9241.11,1.8,2018-04-24T04:41:30.683Z
buy,9222.99,2.5537,2018-04-24T04:41:30.684Z
sell,9241.11,0.9,2018-04-24T04:41:30.686Z
sell,9223.99,3.30204174,2018-04-24T04:41:30.686Z
buy,9220.95,12.2,2018-04-24T04:41:30.687Z
sell,9243.89,0.9,2018-04-24T04:41:30.689Z
buy,9221.36,0.0,2018-04-24T04:41:30.690Z
buy,9220.94,29.42509778,2018-04-24T04:41:30.691Z
buy,9222.98,0.0,2018-04-24T04:41:30.692Z
sell,9227.95,0.001,2018-04-24T04:41:30.693Z
buy,9197.74,0.536045,2018-04-24T04:41:30.695Z
sell,9223.99,0.0,2018-04-24T04:41:30.695Z
buy,9197.74,0.0,2018-04-24T04:41:30.696Z
buy,9222.99,3.2537,2018-04-24T04:41:30.697Z
sell,9243.89,0.0,2018-04-24T04:41:30.699Z
buy,9223.98,2.5,2018-04-24T04:41:30.700Z
sell,9245.73,0.9,2018-04-24T04:41:30.702Z
buy,9197.35,0.18741006,2018-04-24T04:41:30.703Z
buy,9222.98,1.037,2018-04-24T04:41:30.705Z
buy,9220.9,1.08426,2018-04-24T04:41:30.706Z
buy,9222.99,4.2537,2018-04-24T04:41:30.708Z
sell,9245.73,0.0,2018-04-24T04:41:30.710Z
sell,9244.7,0.9,2018-04-24T04:41:30.711Z
sell,9241.93,0.9,2018-04-24T04:41:30.713Z
buy,9222.98,0.0,2018-04-24T04:41:30.714Z
buy,9197.35,0.19741006,2018-04-24T04:41:30.716Z
buy,9223.98,0.0,2018-04-24T04:41:30.717Z
sell,9246.54,0.9,2018-04-24T04:41:30.719Z
buy,9223.99,2.5,2018-04-24T04:41:30.721Z
sell,9241.93,1.8,2018-04-24T04:41:30.730Z
buy,9222.99,1.7,2018-04-24T04:41:30.732Z
buy,9198.55,0.536045,2018-04-24T04:41:30.734Z
buy,9198.55,0.0,2018-04-24T04:41:30.734Z
sell,9241.93,0.9,2018-04-24T04:41:30.735Z
sell,9246.54,0.0,2018-04-24T04:41:30.736Z
buy,9222.99,1.0,2018-04-24T04:41:30.737Z
sell,9247.24,0.9,2018-04-24T04:41:30.739Z
buy,9220.94,29.41509778,2018-04-24T04:41:30.741Z
sell,9242.62,0.9,2018-04-24T04:41:30.742Z
buy,9223.98,1.037,2018-04-24T04:41:30.744Z
buy,9199.24,0.536045,2018-04-24T04:41:30.745Z
buy,9206.7,0.0,2018-04-24T04:41:30.746Z
sell,9241.11,0.0,2018-04-24T04:41:30.746Z
sell,9242.62,0.0,2018-04-24T04:41:30.747Z
sell,9244.7,0.0,2018-04-24T04:41:30.748Z
sell,9241.93,0.0,2018-04-24T04:41:30.749Z
sell,9224.0,0.50591911,2018-04-24T04:41:30.752Z
buy,9223.99,3.2,2018-04-24T04:41:30.754Z
buy,9221.14,0.5851,2018-04-24T04:41:30.756Z
buy,9220.0,5.35785654,2018-04-24T04:41:30.756Z
buy,9220.73,6.03607806,2018-04-24T04:41:30.757Z
buy,9209.01,1.0,2018-04-24T04:41:30.758Z
buy,9199.24,0.0,2018-04-24T04:41:30.759Z
buy,9220.05,0.83268862,2018-04-24T04:41:30.760Z
sell,9241.94,0.9,2018-04-24T04:41:30.761Z
sell,9225.1,0.00248,2018-04-24T04:41:30.762Z
sell,9242.63,0.9,2018-04-24T04:41:30.764Z
sell,9227.95,0.0,2018-04-24T04:41:30.765Z
buy,9199.25,0.536045,2018-04-24T04:41:30.766Z
sell,9244.71,0.9,2018-04-24T04:41:30.768Z
sell,9224.0,3.80795727,2018-04-24T04:41:30.769Z
buy,9222.99,3.0,2018-04-24T04:41:30.771Z
sell,9225.19,0.00301724,2018-04-24T04:41:30.772Z
buy,9220.94,11.91509778,2018-04-24T04:41:30.773Z
sell,9231.97,0.0,2018-04-24T04:41:30.774Z
sell,9244.71,0.0,2018-04-24T04:41:30.776Z
sell,9241.94,0.0,2018-04-24T04:41:30.776Z
sell,9225.34,0.00614,2018-04-24T04:41:30.778Z
sell,9228.98,0.036000000000000004,2018-04-24T04:41:30.779Z
buy,9223.0,13.2,2018-04-24T04:41:30.781Z
sell,9232.59,0.015,2018-04-24T04:41:30.783Z
buy,9223.99,4.2,2018-04-24T04:41:30.793Z
sell,9244.7,0.9,2018-04-24T04:41:30.794Z
sell,9247.24,0.0,2018-04-24T04:41:30.805Z
buy,9223.98,0.0,2018-04-24T04:41:30.807Z
sell,9244.7,0.0,2018-04-24T04:41:30.808Z
sell,9247.25,0.9,2018-04-24T04:41:30.810Z
buy,9220.94,9.91509778,2018-04-24T04:41:30.811Z
sell,9245.39,0.9,2018-04-24T04:41:30.814Z
buy,9223.99,5.237,2018-04-24T04:41:30.815Z
sell,9245.39,0.0,2018-04-24T04:41:30.816Z
sell,9244.9,0.9,2018-04-24T04:41:30.819Z
sell,9242.63,0.0,2018-04-24T04:41:30.820Z
buy,9197.35,0.20741006,2018-04-24T04:41:30.821Z
buy,9199.07,0.536045,2018-04-24T04:41:30.824Z
sell,9244.9,0.0,2018-04-24T04:41:30.825Z
sell,9247.25,0.0,2018-04-24T04:41:30.826Z
sell,9247.06,0.9,2018-04-24T04:41:30.830Z
sell,9245.4,0.9,2018-04-24T04:41:30.831Z
sell,9247.06,0.0,2018-04-24T04:41:30.855Z
buy,9199.25,0.0,2018-04-24T04:41:30.858Z
buy,9221.0,0.001,2018-04-24T04:41:30.859Z
sell,9242.62,0.9,2018-04-24T04:41:30.861Z
buy,9221.14,0.0,2018-04-24T04:41:30.862Z
sell,9242.45,0.9,2018-04-24T04:41:30.865Z
buy,9220.94,9.80709778,2018-04-24T04:41:30.866Z
buy,9220.96,0.5851,2018-04-24T04:41:30.867Z
sell,9232.59,0.0,2018-04-24T04:41:30.868Z
sell,9245.4,0.0,2018-04-24T04:41:30.870Z
sell,9247.07,0.9,2018-04-24T04:41:30.871Z
sell,9228.98,0.035,2018-04-24T04:41:30.872Z
buy,9195.47,0.0,2018-04-24T04:41:30.873Z
sell,9242.62,0.0,2018-04-24T04:41:30.875Z
sell,9233.99,0.015,2018-04-24T04:41:30.877Z
buy,9223.99,7.237,2018-04-24T04:41:30.880Z
buy,9223.99,7.345,2018-04-24T04:41:30.883Z
sell,9245.22,0.9,2018-04-24T04:41:30.885Z
sell,9242.45,0.0,2018-04-24T04:41:30.887Z
sell,9242.45,0.9,2018-04-24T04:41:30.889Z
buy,9220.94,9.46709778,2018-04-24T04:41:30.889Z
buy,9197.35,0.19741006,2018-04-24T04:41:30.891Z
buy,9220.94,9.435889999999999,2018-04-24T04:41:30.895Z
sell,9242.46,0.9,2018-04-24T04:41:30.901Z
sell,9224.0,10.30795727,2018-04-24T04:41:30.902Z
sell,9242.46,0.0,2018-04-24T04:41:30.912Z
sell,9247.07,0.0,2018-04-24T04:41:30.913Z
buy,9199.07,0.0,2018-04-24T04:41:30.913Z
sell,9228.97,0.001,2018-04-24T04:41:30.920Z
sell,9242.44,6.57,2018-04-24T04:41:30.922Z
buy,9220.95,10.2,2018-04-24T04:41:30.923Z
buy,9199.06,0.536045,2018-04-24T04:41:30.924Z
sell,9247.05,0.9,2018-04-24T04:41:30.926Z
buy,9219.4,0.1538,2018-04-24T04:41:30.938Z
sell,9286.53,5.0,2018-04-24T04:41:30.939Z
sell,9228.97,0.0,2018-04-24T04:41:30.940Z
sell,9228.43,0.001,2018-04-24T04:41:30.941Z
sell,9242.45,0.0,2018-04-24T04:41:30.945Z
buy,9220.9,1.08323,2018-04-24T04:41:30.950Z
buy,9220.88,3.49992388,2018-04-24T04:41:30.951Z
sell,9242.46,0.9,2018-04-24T04:41:30.954Z
buy,9220.8,0.16925154,2018-04-24T04:41:30.955Z
sell,9224.0,10.30677727,2018-04-24T04:41:30.956Z
sell,9245.22,0.0,2018-04-24T04:41:30.960Z
sell,9242.46,0.0,2018-04-24T04:41:30.961Z
sell,9224.0,10.30782727,2018-04-24T04:41:30.965Z
sell,9242.44,7.47,2018-04-24T04:41:30.969Z
sell,9245.21,0.9,2018-04-24T04:41:30.974Z
sell,9228.43,0.0,2018-04-24T04:41:30.976Z
buy,9220.9,0.0,2018-04-24T04:41:31.015Z
sell,9228.42,0.001,2018-04-24T04:41:31.017Z
buy,9221.0,1.08473,2018-04-24T04:41:31.027Z
buy,9220.96,0.0,2018-04-24T04:41:31.032Z
buy,9221.01,0.5851,2018-04-24T04:41:31.040Z
buy,9223.99,8.105,2018-04-24T04:41:31.044Z
buy,9223.0,0.0,2018-04-24T04:41:31.048Z
sell,9247.05,0.0,2018-04-24T04:41:31.055Z
buy,9199.87,0.0,2018-04-24T04:41:31.081Z
sell,9228.42,0.0,2018-04-24T04:41:31.084Z
sell,9228.43,0.001,2018-04-24T04:41:31.093Z
sell,9247.06,0.9,2018-04-24T04:41:31.102Z
buy,9215.83,0.0853,2018-04-24T04:41:31.104Z
sell,9228.43,0.0,2018-04-24T04:41:31.151Z
sell,9228.9,1.00626504,2018-04-24T04:41:31.190Z
buy,9201.34,0.0,2018-04-24T04:41:31.202Z
sell,9246.88,0.0,2018-04-24T04:41:31.213Z
buy,9220.88,3.50128388,2018-04-24T04:41:31.215Z
sell,9224.0,10.30682727,2018-04-24T04:41:31.238Z
sell,9224.0,10.30465727,2018-04-24T04:41:31.242Z
sell,9224.0,10.191500999999999,2018-04-24T04:41:31.246Z
sell,9224.0,9.941500999999999,2018-04-24T04:41:31.253Z
sell,9224.0,9.911501,2018-04-24T04:41:31.257Z
sell,9224.0,9.80308816,2018-04-24T04:41:31.261Z
sell,9224.0,9.32445018,2018-04-24T04:41:31.267Z
buy,9201.34,2.5140000000000002,2018-04-24T04:41:31.272Z
sell,9228.9,1.00526504,2018-04-24T04:41:31.274Z
sell,9246.88,2.533,2018-04-24T04:41:31.282Z
sell,9242.44,6.57,2018-04-24T04:41:31.287Z
sell,9242.44,5.67,2018-04-24T04:41:31.289Z
sell,9242.45,0.9,2018-04-24T04:41:31.292Z
sell,9242.45,1.8,2018-04-24T04:41:31.300Z
sell,9224.0,9.43286302,2018-04-24T04:41:31.303Z
buy,8301.59,0.01,2018-04-24T04:41:31.305Z
sell,9229.0,0.102,2018-04-24T04:41:31.309Z
buy,9197.35,0.18741006,2018-04-24T04:41:31.310Z
buy,9197.35,0.19741006,2018-04-24T04:41:31.352Z
buy,9212.25,0.0937,2018-04-24T04:41:31.359Z
buy,9202.27,0.0,2018-04-24T04:41:31.360Z
buy,9103.6,0.0,2018-04-24T04:41:31.367Z
buy,9169.2,0.0,2018-04-24T04:41:31.368Z
buy,9136.25,0.0,2018-04-24T04:41:31.372Z
buy,9103.62,0.0015,2018-04-24T04:41:31.375Z
buy,9070.62,0.0015,2018-04-24T04:41:31.378Z
buy,9200.87,1.49724853,2018-04-24T04:41:31.470Z
buy,9220.73,5.91607806,2018-04-24T04:41:31.501Z
buy,9070.62,0.0,2018-04-24T04:41:31.515Z
buy,8948.86,0.1,2018-04-24T04:41:31.519Z
buy,9209.67,0.0997,2018-04-24T04:41:31.533Z
buy,9169.2,0.0015,2018-04-24T04:41:31.536Z
buy,9136.25,0.0015,2018-04-24T04:41:31.539Z
buy,9222.0,0.001,2018-04-24T04:41:31.565Z
buy,9202.27,0.0015,2018-04-24T04:41:31.578Z
buy,9103.62,0.0,2018-04-24T04:41:31.597Z
buy,9070.62,0.0015,2018-04-24T04:41:31.625Z
buy,9220.51,0.01,2018-04-24T04:41:31.681Z
buy,9169.2,0.0,2018-04-24T04:41:31.714Z
buy,9202.27,0.0,2018-04-24T04:41:31.734Z
buy,9136.25,0.0,2018-04-24T04:41:31.736Z
buy,9220.88,3.49992388,2018-04-24T04:41:31.740Z
buy,9223.99,16.505,2018-04-24T04:41:31.744Z
buy,9103.62,0.0015,2018-04-24T04:41:31.745Z
buy,9199.06,0.0,2018-04-24T04:41:31.750Z
sell,9247.06,0.0,2018-04-24T04:41:31.752Z
buy,9136.62,0.0015,2018-04-24T04:41:31.762Z
buy,9199.07,0.536045,2018-04-24T04:41:31.764Z
sell,9245.21,0.0,2018-04-24T04:41:31.765Z
sell,9247.07,0.9,2018-04-24T04:41:31.766Z
buy,9206.09,0.10800000000000001,2018-04-24T04:41:31.769Z
sell,9245.22,0.9,2018-04-24T04:41:31.774Z
sell,9224.0,8.24036302,2018-04-24T04:41:31.783Z
sell,9242.45,0.9,2018-04-24T04:41:31.791Z
sell,9242.46,0.9,2018-04-24T04:41:31.800Z
sell,9242.45,0.0,2018-04-24T04:41:31.802Z
buy,9136.62,0.0,2018-04-24T04:41:31.804Z
sell,9242.46,1.8,2018-04-24T04:41:31.808Z
sell,9245.23,0.9,2018-04-24T04:41:31.812Z
sell,9234.69,0.0,2018-04-24T04:41:31.824Z
buy,9136.25,0.0015,2018-04-24T04:41:31.832Z
buy,9223.99,8.105,2018-04-24T04:41:31.836Z
sell,9245.22,0.0,2018-04-24T04:41:31.840Z
sell,9242.46,0.9,2018-04-24T04:41:31.843Z
sell,9245.23,0.0,2018-04-24T04:41:31.845Z
sell,9234.44,0.5,2018-04-24T04:41:31.847Z
sell,9242.46,0.0,2018-04-24T04:41:31.853Z
buy,9070.62,0.0,2018-04-24T04:41:31.855Z
sell,9247.07,0.0,2018-04-24T04:41:31.856Z
sell,9245.21,0.9,2018-04-24T04:41:31.860Z
buy,9199.07,0.0,2018-04-24T04:41:31.863Z
buy,9169.2,0.0015,2018-04-24T04:41:31.865Z
buy,9202.27,0.0015,2018-04-24T04:41:31.869Z
sell,9242.45,0.9,2018-04-24T04:41:31.871Z
buy,9199.06,0.536045,2018-04-24T04:41:31.877Z
sell,9242.45,1.8,2018-04-24T04:41:31.881Z
sell,9247.06,0.9,2018-04-24T04:41:31.892Z
buy,9136.62,0.0015,2018-04-24T04:41:31.894Z
buy,9198.21,6.38,2018-04-24T04:41:31.929Z
buy,9136.25,0.0,2018-04-24T04:41:31.935Z
buy,9202.27,0.0,2018-04-24T04:41:31.957Z
buy,9103.62,0.0,2018-04-24T04:41:31.958Z
buy,9169.2,0.0,2018-04-24T04:41:31.959Z
buy,9070.62,0.0015,2018-04-24T04:41:31.965Z
buy,9221.02,0.871,2018-04-24T04:41:31.970Z
buy,9221.01,0.0,2018-04-24T04:41:31.977Z
buy,9221.03,0.5851,2018-04-24T04:41:31.985Z
buy,9136.62,0.0,2018-04-24T04:41:32.008Z
buy,9220.93,1.0,2018-04-24T04:41:32.014Z
buy,9202.27,0.0015,2018-04-24T04:41:32.025Z
buy,9202.27,0.0,2018-04-24T04:41:32.075Z
sell,9258.29,0.26,2018-04-24T04:41:32.097Z
buy,9136.25,0.0015,2018-04-24T04:41:32.114Z
buy,9103.62,0.0015,2018-04-24T04:41:32.117Z
buy,9220.51,0.0,2018-04-24T04:41:32.146Z
buy,9070.48,0.0,2018-04-24T04:41:32.164Z
buy,9169.2,0.0015,2018-04-24T04:41:32.169Z
buy,9221.0,0.001,2018-04-24T04:41:32.187Z
buy,9221.05,1.08323,2018-04-24T04:41:32.194Z
buy,9202.27,0.0015,2018-04-24T04:41:32.200Z
buy,9221.03,0.0,2018-04-24T04:41:32.211Z
buy,9221.06,0.5851,2018-04-24T04:41:32.217Z
buy,9220.94,8.50189,2018-04-24T04:41:32.287Z
buy,9220.94,8.5,2018-04-24T04:41:32.298Z
buy,9202.27,0.0,2018-04-24T04:41:32.377Z
buy,9169.2,0.0,2018-04-24T04:41:32.398Z
buy,9136.25,0.0,2018-04-24T04:41:32.399Z
buy,9103.64,0.0015,2018-04-24T04:41:32.407Z
buy,9103.62,0.0,2018-04-24T04:41:32.483Z
sell,13009.8,0.0,2018-04-24T04:41:32.514Z
buy,9070.52,0.0,2018-04-24T04:41:32.579Z
buy,9070.64,0.0015,2018-04-24T04:41:32.585Z
buy,9169.2,0.0015,2018-04-24T04:41:32.588Z
buy,9202.27,0.0015,2018-04-24T04:41:32.590Z
buy,9136.25,0.0015,2018-04-24T04:41:32.591Z
sell,9224.0,8.24150123,2018-04-24T04:41:32.670Z
buy,9220.95,0.0,2018-04-24T04:41:32.761Z
buy,9221.07,0.9209999999999999,2018-04-24T04:41:32.819Z
buy,9223.99,33.105,2018-04-24T04:41:32.820Z
buy,9221.06,0.0,2018-04-24T04:41:32.828Z
buy,9199.06,0.0,2018-04-24T04:41:32.831Z
sell,9242.45,0.9,2018-04-24T04:41:32.839Z
buy,9221.08,0.4901,2018-04-24T04:41:32.841Z
sell,9247.06,0.0,2018-04-24T04:41:32.842Z
sell,9245.21,0.0,2018-04-24T04:41:32.842Z
sell,9242.45,0.0,2018-04-24T04:41:32.844Z
sell,9242.46,0.9,2018-04-24T04:41:32.846Z
sell,9245.23,0.9,2018-04-24T04:41:32.847Z
sell,9247.08,0.9,2018-04-24T04:41:32.849Z
