side,price,size,time
buy,9170.51,0.01,2018-04-24T03:52:17.202Z
buy,9191.16,0.0015,2018-04-24T03:52:17.210Z
buy,9059.5,0.0,2018-04-24T03:52:17.241Z
sell,9208.43,0.0,2018-04-24T03:52:17.258Z
buy,9157.99,0.0015,2018-04-24T03:52:17.267Z
buy,9192.0,7.58040715,2018-04-24T03:52:17.290Z
buy,9157.99,0.0,2018-04-24T03:52:17.337Z
buy,9191.16,0.0,2018-04-24T03:52:17.359Z
buy,9125.02,0.0015,2018-04-24T03:52:17.373Z
buy,9092.5,0.0,2018-04-24T03:52:17.382Z
buy,9059.5,0.0015,2018-04-24T03:52:17.389Z
sell,9205.14,9.2564,2018-04-24T03:52:17.424Z
buy,9125.02,0.0,2018-04-24T03:52:17.427Z
buy,9191.16,0.0015,2018-04-24T03:52:17.468Z
buy,9190.0,3.51374836,2018-04-24T03:52:17.479Z
buy,9059.5,0.0,2018-04-24T03:52:17.481Z
buy,9191.16,0.0,2018-04-24T03:52:17.517Z
buy,9157.99,0.0015,2018-04-24T03:52:17.520Z
buy,9125.02,0.0015,2018-04-24T03:52:17.522Z
buy,9157.99,0.0,2018-04-24T03:52:17.594Z
buy,9125.02,0.0,2018-04-24T03:52:17.617Z
buy,9092.5,0.0015,2018-04-24T03:52:17.626Z
buy,9059.5,0.0015,2018-04-24T03:52:17.629Z
sell,9218.18,0.051,2018-04-24T03:52:17.676Z
buy,9059.5,0.0,2018-04-24T03:52:17.711Z
buy,9157.99,0.0015,2018-04-24T03:52:17.769Z
buy,9191.16,0.0015,2018-04-24T03:52:17.770Z
buy,9190.0,3.51509836,2018-04-24T03:52:17.852Z
buy,9191.16,0.0,2018-04-24T03:52:17.911Z
sell,9195.01,2.0040781,2018-04-24T03:52:17.912Z
buy,9157.99,0.0,2018-04-24T03:52:17.916Z
sell,9192.01,4.64357394,2018-04-24T03:52:17.920Z
buy,9125.02,0.0015,2018-04-24T03:52:17.924Z
sell,9196.01,2.06206322,2018-04-24T03:52:17.938Z
buy,9092.5,0.0,2018-04-24T03:52:17.941Z
buy,9059.5,0.0015,2018-04-24T03:52:17.950Z
buy,9191.16,0.0015,2018-04-24T03:52:17.995Z
buy,9191.16,0.0,2018-04-24T03:52:18.034Z
buy,9125.02,0.0,2018-04-24T03:52:18.058Z
buy,9157.99,0.0015,2018-04-24T03:52:18.066Z
buy,9092.5,0.0015,2018-04-24T03:52:18.070Z
sell,9194.99,0.0,2018-04-24T03:52:18.131Z
sell,9194.94,0.0015,2018-04-24T03:52:18.163Z
buy,9133.62,0.0,2018-04-24T03:52:18.173Z
sell,9195.0,2.001,2018-04-24T03:52:18.198Z
buy,9157.99,0.0,2018-04-24T03:52:18.200Z
buy,9155.01,5.0,2018-04-24T03:52:18.211Z
buy,9125.02,0.0015,2018-04-24T03:52:18.227Z
buy,9059.5,0.0,2018-04-24T03:52:18.244Z
buy,9191.16,0.0015,2018-04-24T03:52:18.259Z
buy,9092.5,0.0,2018-04-24T03:52:18.296Z
buy,9190.0,3.51374836,2018-04-24T03:52:18.304Z
buy,9157.99,0.0015,2018-04-24T03:52:18.336Z
buy,9125.02,0.0,2018-04-24T03:52:18.341Z
buy,9191.16,0.0,2018-04-24T03:52:18.342Z
buy,9059.5,0.0015,2018-04-24T03:52:18.345Z
buy,9157.99,0.0,2018-04-24T03:52:18.364Z
buy,9092.5,0.0015,2018-04-24T03:52:18.394Z
sell,9234.97,0.0,2018-04-24T03:52:18.403Z
sell,9228.89,5.0,2018-04-24T03:52:18.417Z
buy,9059.5,0.0,2018-04-24T03:52:18.445Z
buy,9157.99,0.0015,2018-04-24T03:52:18.451Z
buy,9191.16,0.0015,2018-04-24T03:52:18.502Z
buy,9092.5,0.0,2018-04-24T03:52:18.521Z
buy,9157.99,0.0,2018-04-24T03:52:18.545Z
buy,9059.5,0.0015,2018-04-24T03:52:18.554Z
buy,9191.16,0.0,2018-04-24T03:52:18.594Z
buy,9125.02,0.0015,2018-04-24T03:52:18.609Z
buy,9059.5,0.0,2018-04-24T03:52:18.628Z
buy,9191.16,0.0015,2018-04-24T03:52:18.659Z
buy,9125.02,0.0,2018-04-24T03:52:18.690Z
buy,9157.99,0.0015,2018-04-24T03:52:18.772Z
buy,9191.16,0.0,2018-04-24T03:52:18.775Z
buy,9059.5,0.0015,2018-04-24T03:52:18.779Z
buy,9157.99,0.0,2018-04-24T03:52:18.784Z
buy,9125.02,0.0015,2018-04-24T03:52:18.787Z
buy,9125.02,0.0,2018-04-24T03:52:18.891Z
sell,9196.03,0.0,2018-04-24T03:52:18.897Z
buy,9190.0,3.51506836,2018-04-24T03:52:18.922Z
buy,9191.16,0.0015,2018-04-24T03:52:18.927Z
buy,9157.99,0.0015,2018-04-24T03:52:18.933Z
buy,9191.16,0.0,2018-04-24T03:52:19.019Z
buy,9157.99,0.0,2018-04-24T03:52:19.041Z
buy,9125.02,0.0015,2018-04-24T03:52:19.050Z
buy,9092.5,0.0015,2018-04-24T03:52:19.053Z
buy,9125.02,0.0,2018-04-24T03:52:19.182Z
buy,9191.16,0.0015,2018-04-24T03:52:19.224Z
buy,9157.99,0.0015,2018-04-24T03:52:19.226Z
buy,9191.16,0.0,2018-04-24T03:52:19.300Z
buy,9157.99,0.0,2018-04-24T03:52:19.316Z
buy,9125.02,0.0015,2018-04-24T03:52:19.370Z
buy,9092.5,0.0,2018-04-24T03:52:19.384Z
buy,9191.16,0.0015,2018-04-24T03:52:19.392Z
buy,9125.02,0.0,2018-04-24T03:52:19.438Z
buy,9157.99,0.0015,2018-04-24T03:52:19.462Z
buy,9190.0,3.51374836,2018-04-24T03:52:19.469Z
buy,9157.99,0.0,2018-04-24T03:52:19.500Z
buy,9191.16,0.0,2018-04-24T03:52:19.521Z
buy,9092.5,0.0015,2018-04-24T03:52:19.529Z
buy,9125.02,0.0015,2018-04-24T03:52:19.556Z
buy,9092.5,0.0,2018-04-24T03:52:19.625Z
buy,9191.16,0.0015,2018-04-24T03:52:19.681Z
buy,9157.99,0.0015,2018-04-24T03:52:19.697Z
buy,9190.0,3.56574618,2018-04-24T03:52:19.789Z
sell,9195.01,2.0056881,2018-04-24T03:52:19.803Z
buy,9192.0,7.40109464,2018-04-24T03:52:19.806Z
buy,9191.16,0.0,2018-04-24T03:52:19.819Z
buy,9125.02,0.0,2018-04-24T03:52:19.839Z
buy,9157.99,0.0,2018-04-24T03:52:19.841Z
buy,9092.5,0.0015,2018-04-24T03:52:19.846Z
buy,9059.5,0.0,2018-04-24T03:52:19.972Z
sell,9192.01,4.63269966,2018-04-24T03:52:19.983Z
buy,9125.02,0.0015,2018-04-24T03:52:20.001Z
buy,9191.16,0.0015,2018-04-24T03:52:20.033Z
buy,9192.0,19.90109464,2018-04-24T03:52:20.035Z
sell,9210.4,0.9,2018-04-24T03:52:20.043Z
sell,9213.16,0.0,2018-04-24T03:52:20.045Z
buy,9192.0,19.89938464,2018-04-24T03:52:20.048Z
sell,9213.17,0.9,2018-04-24T03:52:20.053Z
buy,9192.0,20.85744564,2018-04-24T03:52:20.055Z
sell,9210.4,0.0,2018-04-24T03:52:20.055Z
sell,9215.0,10.001,2018-04-24T03:52:20.056Z
sell,9210.41,0.9,2018-04-24T03:52:20.058Z
buy,9167.17,0.0,2018-04-24T03:52:20.059Z
buy,9192.0,20.85854564,2018-04-24T03:52:20.060Z
sell,9192.01,4.61442766,2018-04-24T03:52:20.061Z
sell,9210.41,1.8,2018-04-24T03:52:20.063Z
sell,9215.01,0.9009999999999999,2018-04-24T03:52:20.065Z
buy,9167.18,0.536045,2018-04-24T03:52:20.068Z
buy,9125.02,0.0,2018-04-24T03:52:20.091Z
buy,9192.0,20.96654564,2018-04-24T03:52:20.098Z
buy,9092.5,0.0,2018-04-24T03:52:20.112Z
buy,9191.16,0.0,2018-04-24T03:52:20.114Z
buy,9059.5,0.0015,2018-04-24T03:52:20.190Z
buy,9157.99,0.0015,2018-04-24T03:52:20.223Z
buy,9157.99,0.0,2018-04-24T03:52:20.238Z
buy,9059.5,0.0,2018-04-24T03:52:20.259Z
buy,9092.5,0.0015,2018-04-24T03:52:20.267Z
buy,9175.0,1.71310794,2018-04-24T03:52:20.284Z
buy,9191.16,0.0015,2018-04-24T03:52:20.289Z
buy,9092.5,0.0,2018-04-24T03:52:20.324Z
buy,9125.02,0.0015,2018-04-24T03:52:20.347Z
buy,9191.16,0.0,2018-04-24T03:52:20.366Z
buy,9157.99,0.0015,2018-04-24T03:52:20.392Z
buy,9125.02,0.0,2018-04-24T03:52:20.410Z
buy,9092.5,0.0015,2018-04-24T03:52:20.418Z
buy,9157.99,0.0,2018-04-24T03:52:20.441Z
buy,9059.5,0.0015,2018-04-24T03:52:20.468Z
buy,9092.5,0.0,2018-04-24T03:52:20.500Z
buy,8920.12,0.078,2018-04-24T03:52:20.506Z
buy,8920.12,0.077,2018-04-24T03:52:20.508Z
buy,8920.12,0.076,2018-04-24T03:52:20.510Z
buy,8920.12,0.075,2018-04-24T03:52:20.510Z
buy,8920.12,0.0711,2018-04-24T03:52:20.511Z
buy,8920.12,0.069,2018-04-24T03:52:20.512Z
buy,8920.12,0.0486,2018-04-24T03:52:20.549Z
buy,8920.12,0.0344,2018-04-24T03:52:20.550Z
buy,8920.12,0.0324,2018-04-24T03:52:20.551Z
buy,8920.12,0.0314,2018-04-24T03:52:20.552Z
buy,8920.12,0.0278,2018-04-24T03:52:20.552Z
buy,8920.12,0.0268,2018-04-24T03:52:20.553Z
buy,8920.12,0.0258,2018-04-24T03:52:20.554Z
buy,8920.12,0.0245,2018-04-24T03:52:20.554Z
buy,8920.12,0.0182,2018-04-24T03:52:20.555Z
buy,8920.12,0.0136,2018-04-24T03:52:20.556Z
buy,8920.12,0.0123,2018-04-24T03:52:20.557Z
buy,9191.16,0.0015,2018-04-24T03:52:20.558Z
buy,8920.12,0.0109,2018-04-24T03:52:20.559Z
buy,8920.12,0.0035,2018-04-24T03:52:20.559Z
buy,9059.5,0.0,2018-04-24T03:52:20.591Z
buy,8920.12,0.0025,2018-04-24T03:52:20.592Z
buy,9157.99,0.0015,2018-04-24T03:52:20.595Z
buy,9191.15,1.08755,2018-04-24T03:52:20.597Z
buy,9191.16,0.0,2018-04-24T03:52:20.614Z
buy,9092.5,0.0015,2018-04-24T03:52:20.620Z
buy,9157.99,0.0,2018-04-24T03:52:20.634Z
buy,9059.5,0.0015,2018-04-24T03:52:20.661Z
buy,9125.02,0.0015,2018-04-24T03:52:20.676Z
buy,9059.5,0.0,2018-04-24T03:52:20.702Z
buy,9191.16,0.0015,2018-04-24T03:52:20.726Z
buy,8920.12,0.0,2018-04-24T03:52:20.744Z
buy,9125.02,0.0,2018-04-24T03:52:20.745Z
buy,9092.5,0.0,2018-04-24T03:52:20.766Z
buy,9059.5,0.0015,2018-04-24T03:52:20.778Z
buy,9191.16,0.0,2018-04-24T03:52:20.858Z
buy,9190.0,3.56690618,2018-04-24T03:52:20.907Z
buy,9157.99,0.0015,2018-04-24T03:52:20.910Z
buy,9125.02,0.0015,2018-04-24T03:52:20.911Z
sell,9192.01,4.61578745,2018-04-24T03:52:20.928Z
buy,9157.99,0.0,2018-04-24T03:52:21.075Z
buy,9191.16,0.0015,2018-04-24T03:52:21.103Z
buy,9190.0,3.56574618,2018-04-24T03:52:21.115Z
buy,9125.02,0.0,2018-04-24T03:52:21.125Z
buy,9092.5,0.0015,2018-04-24T03:52:21.131Z
buy,9191.16,0.0,2018-04-24T03:52:21.145Z
buy,9157.99,0.0015,2018-04-24T03:52:21.153Z
sell,9192.01,5.07565683,2018-04-24T03:52:21.157Z
buy,9125.02,0.0015,2018-04-24T03:52:21.205Z
buy,9157.99,0.0,2018-04-24T03:52:21.307Z
buy,9191.16,0.0015,2018-04-24T03:52:21.332Z
buy,9191.16,0.0,2018-04-24T03:52:21.444Z
sell,9256.28,0.0011,2018-04-24T03:52:21.446Z
sell,9254.47,5.0,2018-04-24T03:52:21.452Z
buy,9190.0,3.56696618,2018-04-24T03:52:21.458Z
buy,9157.99,0.0015,2018-04-24T03:52:21.462Z
buy,9157.99,0.0,2018-04-24T03:52:21.529Z
buy,9191.16,0.0015,2018-04-24T03:52:21.555Z
buy,9059.5,0.0,2018-04-24T03:52:21.589Z
buy,9157.99,0.0015,2018-04-24T03:52:21.618Z
buy,9157.99,0.0,2018-04-24T03:52:21.670Z
buy,9092.5,0.0,2018-04-24T03:52:21.692Z
buy,9191.16,0.0,2018-04-24T03:52:21.694Z
buy,9125.02,0.0,2018-04-24T03:52:21.695Z
buy,9190.0,3.56574618,2018-04-24T03:52:21.697Z
buy,9059.5,0.0015,2018-04-24T03:52:21.702Z
buy,9157.99,0.0015,2018-04-24T03:52:21.776Z
buy,9059.5,0.0,2018-04-24T03:52:21.783Z
buy,9157.99,0.0,2018-04-24T03:52:21.796Z
buy,9191.16,0.0015,2018-04-24T03:52:21.806Z
buy,9125.02,0.0015,2018-04-24T03:52:21.835Z
buy,9191.16,0.0,2018-04-24T03:52:21.857Z
buy,9059.5,0.0015,2018-04-24T03:52:21.887Z
buy,9125.02,0.0,2018-04-24T03:52:21.900Z
buy,9092.5,0.0015,2018-04-24T03:52:21.916Z
buy,9190.0,3.56748618,2018-04-24T03:52:21.969Z
sell,9194.95,0.0,2018-04-24T03:52:22.046Z
sell,9194.9,1.08755,2018-04-24T03:52:22.061Z
buy,9092.5,0.0,2018-04-24T03:52:22.104Z
buy,9191.16,0.0015,2018-04-24T03:52:22.126Z
buy,9157.99,0.0015,2018-04-24T03:52:22.130Z
sell,9210.0,16.24809653,2018-04-24T03:52:22.221Z
sell,9194.89,0.0015,2018-04-24T03:52:22.258Z
buy,9190.0,3.56574618,2018-04-24T03:52:22.259Z
buy,9157.99,0.0,2018-04-24T03:52:22.262Z
buy,9191.16,0.0,2018-04-24T03:52:22.266Z
buy,9125.02,0.0015,2018-04-24T03:52:22.267Z
buy,9092.5,0.0015,2018-04-24T03:52:22.269Z
sell,9194.89,0.0,2018-04-24T03:52:22.272Z
sell,9194.94,0.0,2018-04-24T03:52:22.288Z
sell,9210.0,16.24959653,2018-04-24T03:52:22.297Z
buy,9059.5,0.0,2018-04-24T03:52:22.308Z
buy,9157.99,0.0015,2018-04-24T03:52:22.333Z
buy,9191.16,0.0015,2018-04-24T03:52:22.337Z
sell,9210.0,16.24809653,2018-04-24T03:52:22.365Z
sell,9194.89,0.0015,2018-04-24T03:52:22.386Z
sell,9192.01,5.13565683,2018-04-24T03:52:22.459Z
buy,9191.16,0.0,2018-04-24T03:52:22.487Z
buy,9125.02,0.0,2018-04-24T03:52:22.509Z
buy,9092.5,0.0,2018-04-24T03:52:22.511Z
buy,9157.99,0.0,2018-04-24T03:52:22.513Z
buy,9059.5,0.0015,2018-04-24T03:52:22.517Z
sell,9194.89,0.0,2018-04-24T03:52:22.565Z
sell,9210.0,16.24959653,2018-04-24T03:52:22.571Z
buy,9125.02,0.0015,2018-04-24T03:52:22.572Z
buy,9059.5,0.0,2018-04-24T03:52:22.588Z
buy,8916.24,0.0142,2018-04-24T03:52:22.605Z
buy,8916.24,0.0152,2018-04-24T03:52:22.606Z
buy,8916.24,0.0162,2018-04-24T03:52:22.611Z
buy,8916.24,0.0172,2018-04-24T03:52:22.612Z
buy,8916.24,0.0208,2018-04-24T03:52:22.613Z
buy,8916.24,0.0218,2018-04-24T03:52:22.615Z
buy,8916.24,0.0228,2018-04-24T03:52:22.617Z
buy,8916.24,0.0248,2018-04-24T03:52:22.619Z
buy,8916.24,0.0311,2018-04-24T03:52:22.620Z
buy,8916.24,0.0324,2018-04-24T03:52:22.621Z
buy,8916.24,0.0345,2018-04-24T03:52:22.623Z
buy,8916.24,0.0355,2018-04-24T03:52:22.626Z
buy,9191.16,0.0015,2018-04-24T03:52:22.628Z
buy,8916.24,0.0401,2018-04-24T03:52:22.631Z
buy,8916.24,0.0415,2018-04-24T03:52:22.632Z
buy,8916.24,0.044000000000000004,2018-04-24T03:52:22.633Z
buy,8916.24,0.0453,2018-04-24T03:52:22.636Z
buy,8916.24,0.0657,2018-04-24T03:52:22.638Z
buy,9125.02,0.0,2018-04-24T03:52:22.639Z
buy,8916.24,0.0793,2018-04-24T03:52:22.640Z
buy,9092.5,0.0015,2018-04-24T03:52:22.643Z
buy,8916.24,0.0892,2018-04-24T03:52:22.645Z
buy,8916.24,0.0966,2018-04-24T03:52:22.646Z
sell,9210.0,16.24809653,2018-04-24T03:52:22.666Z
sell,9194.89,0.0015,2018-04-24T03:52:22.670Z
buy,8916.24,0.1005,2018-04-24T03:52:22.682Z
buy,9191.16,0.0,2018-04-24T03:52:22.699Z
buy,8916.24,0.1015,2018-04-24T03:52:22.722Z
buy,9125.02,0.0015,2018-04-24T03:52:22.727Z
buy,9092.5,0.0,2018-04-24T03:52:22.729Z
buy,9059.5,0.0015,2018-04-24T03:52:22.733Z
buy,9125.02,0.0,2018-04-24T03:52:22.769Z
buy,9190.0,3.56736618,2018-04-24T03:52:22.783Z
sell,9194.89,0.0,2018-04-24T03:52:22.785Z
buy,9191.16,0.0015,2018-04-24T03:52:22.790Z
sell,9210.0,16.24959653,2018-04-24T03:52:22.793Z
buy,9157.99,0.0015,2018-04-24T03:52:22.833Z
sell,9210.0,16.24809653,2018-04-24T03:52:22.846Z
buy,9191.16,0.0,2018-04-24T03:52:22.862Z
sell,9194.89,0.0015,2018-04-24T03:52:22.897Z
buy,9125.02,0.0015,2018-04-24T03:52:22.899Z
sell,9276.0,0.10099999999999999,2018-04-24T03:52:22.914Z
sell,9210.0,16.24959653,2018-04-24T03:52:22.929Z
buy,9157.99,0.0,2018-04-24T03:52:22.932Z
buy,9092.5,0.0015,2018-04-24T03:52:22.938Z
buy,9192.0,8.46654564,2018-04-24T03:52:22.956Z
buy,9192.0,5.96654564,2018-04-24T03:52:22.958Z
buy,9191.16,0.0015,2018-04-24T03:52:22.961Z
buy,9167.18,0.0,2018-04-24T03:52:22.961Z
sell,9210.41,0.9,2018-04-24T03:52:22.962Z
sell,9215.01,0.001,2018-04-24T03:52:22.963Z
sell,9215.0,10.901,2018-04-24T03:52:22.966Z
buy,9192.0,4.96654564,2018-04-24T03:52:22.967Z
buy,9167.17,0.536045,2018-04-24T03:52:22.969Z
sell,9215.0,10.001,2018-04-24T03:52:22.969Z
sell,9213.17,0.0,2018-04-24T03:52:22.970Z
sell,9210.4,0.9,2018-04-24T03:52:22.972Z
buy,9167.17,0.0,2018-04-24T03:52:22.973Z
sell,9210.0,16.24809653,2018-04-24T03:52:22.975Z
sell,9213.15,0.9,2018-04-24T03:52:22.977Z
sell,9210.41,0.0,2018-04-24T03:52:22.978Z
sell,9210.4,0.0,2018-04-24T03:52:22.980Z
sell,9210.4,0.9,2018-04-24T03:52:22.984Z
buy,9167.16,0.536045,2018-04-24T03:52:22.986Z
sell,9194.89,0.0,2018-04-24T03:52:22.988Z
sell,9214.99,0.9,2018-04-24T03:52:22.990Z
sell,9276.0,0.1025,2018-04-24T03:52:22.994Z
sell,9192.01,7.63565683,2018-04-24T03:52:23.015Z
sell,9210.4,0.0,2018-04-24T03:52:23.018Z
sell,9210.39,0.9,2018-04-24T03:52:23.022Z
buy,9190.0,3.56574618,2018-04-24T03:52:23.023Z
sell,9210.39,1.8,2018-04-24T03:52:23.025Z
sell,9196.04,0.003624,2018-04-24T03:52:23.030Z
sell,9192.01,7.65392883,2018-04-24T03:52:23.052Z
buy,9192.0,4.00848464,2018-04-24T03:52:23.055Z
buy,9167.16,0.0,2018-04-24T03:52:23.061Z
sell,9214.99,0.0,2018-04-24T03:52:23.066Z
sell,9214.98,0.9,2018-04-24T03:52:23.069Z
buy,9167.15,0.536045,2018-04-24T03:52:23.072Z
sell,9213.15,0.0,2018-04-24T03:52:23.076Z
sell,9276.0,0.10099999999999999,2018-04-24T03:52:23.085Z
sell,9213.14,0.9,2018-04-24T03:52:23.091Z
buy,9191.16,0.0,2018-04-24T03:52:23.112Z
sell,9194.89,0.0015,2018-04-24T03:52:23.121Z
sell,9210.0,16.24959653,2018-04-24T03:52:23.123Z
buy,9157.99,0.0015,2018-04-24T03:52:23.127Z
sell,9196.01,1.92492933,2018-04-24T03:52:23.149Z
buy,9157.99,0.0,2018-04-24T03:52:23.227Z
buy,9191.16,0.0015,2018-04-24T03:52:23.237Z
sell,9194.89,0.0,2018-04-24T03:52:23.248Z
sell,9210.0,16.24809653,2018-04-24T03:52:23.252Z
sell,9243.37,0.0015,2018-04-24T03:52:23.258Z
buy,9125.02,0.0,2018-04-24T03:52:23.283Z
buy,9157.99,0.0015,2018-04-24T03:52:23.290Z
sell,9243.37,0.0,2018-04-24T03:52:23.335Z
sell,9276.0,0.1025,2018-04-24T03:52:23.362Z
sell,9194.89,0.0015,2018-04-24T03:52:23.365Z
buy,9191.16,0.0,2018-04-24T03:52:23.374Z
buy,9157.99,0.0,2018-04-24T03:52:23.376Z
buy,9125.02,0.0015,2018-04-24T03:52:23.384Z
sell,9194.89,0.0,2018-04-24T03:52:23.411Z
sell,9192.01,7.66392883,2018-04-24T03:52:23.414Z
sell,9243.37,0.0015,2018-04-24T03:52:23.441Z
sell,9210.0,16.24959653,2018-04-24T03:52:23.490Z
buy,9059.5,0.0,2018-04-24T03:52:23.510Z
sell,9243.37,0.0,2018-04-24T03:52:23.600Z
buy,9157.99,0.0015,2018-04-24T03:52:23.604Z
buy,9191.16,0.0015,2018-04-24T03:52:23.606Z
buy,9190.0,3.56701618,2018-04-24T03:52:23.611Z
sell,9210.0,16.24809653,2018-04-24T03:52:23.662Z
buy,9092.5,0.0,2018-04-24T03:52:23.685Z
buy,9125.02,0.0,2018-04-24T03:52:23.687Z
buy,9157.99,0.0,2018-04-24T03:52:23.689Z
buy,9191.16,0.0,2018-04-24T03:52:23.691Z
sell,9243.97,0.0015,2018-04-24T03:52:23.693Z
buy,9059.5,0.0015,2018-04-24T03:52:23.696Z
sell,9194.89,0.0015,2018-04-24T03:52:23.713Z
sell,9276.0,0.10099999999999999,2018-04-24T03:52:23.753Z
sell,9210.0,16.24959653,2018-04-24T03:52:23.768Z
buy,9092.5,0.0015,2018-04-24T03:52:23.778Z
buy,9059.5,0.0,2018-04-24T03:52:23.790Z
buy,9191.16,0.0015,2018-04-24T03:52:23.819Z
sell,9243.97,0.0,2018-04-24T03:52:23.832Z
buy,9092.5,0.0,2018-04-24T03:52:23.853Z
sell,9210.0,16.24809653,2018-04-24T03:52:23.855Z
sell,9194.89,0.0,2018-04-24T03:52:23.857Z
buy,9190.0,3.56574618,2018-04-24T03:52:23.858Z
sell,9196.04,0.001794,2018-04-24T03:52:23.863Z
sell,9276.0,0.1025,2018-04-24T03:52:23.864Z
buy,9059.5,0.0015,2018-04-24T03:52:23.866Z
buy,9191.16,0.0,2018-04-24T03:52:23.869Z
sell,9192.01,7.66496883,2018-04-24T03:52:23.874Z
buy,9157.99,0.0015,2018-04-24T03:52:23.878Z
sell,9276.0,0.10099999999999999,2018-04-24T03:52:23.914Z
sell,9210.0,16.24959653,2018-04-24T03:52:23.939Z
buy,9125.02,0.0015,2018-04-24T03:52:23.975Z
sell,9243.97,0.0015,2018-04-24T03:52:23.977Z
sell,9194.89,0.0015,2018-04-24T03:52:23.985Z
buy,9157.99,0.0,2018-04-24T03:52:23.997Z
sell,9204.58,0.0,2018-04-24T03:52:24.003Z
buy,9092.5,0.0015,2018-04-24T03:52:24.006Z
buy,9125.02,0.0,2018-04-24T03:52:24.106Z
buy,9190.0,3.56699618,2018-04-24T03:52:24.119Z
sell,9195.0,2.0026,2018-04-24T03:52:24.122Z
sell,9196.0,0.00275,2018-04-24T03:52:24.129Z
buy,9157.99,0.0015,2018-04-24T03:52:24.135Z
buy,9191.16,0.0015,2018-04-24T03:52:24.139Z
sell,9210.0,16.24809653,2018-04-24T03:52:24.151Z
sell,9243.97,0.0,2018-04-24T03:52:24.152Z
sell,9194.89,0.0,2018-04-24T03:52:24.153Z
buy,9157.99,0.0,2018-04-24T03:52:24.229Z
buy,9191.16,0.0,2018-04-24T03:52:24.257Z
buy,9125.02,0.0015,2018-04-24T03:52:24.260Z
sell,9276.0,0.1025,2018-04-24T03:52:24.262Z
sell,9194.88,0.0015,2018-04-24T03:52:24.273Z
sell,9210.0,16.24959653,2018-04-24T03:52:24.276Z
sell,9276.0,0.10099999999999999,2018-04-24T03:52:24.325Z
buy,9157.99,0.0015,2018-04-24T03:52:24.351Z
buy,9125.02,0.0,2018-04-24T03:52:24.354Z
buy,9191.16,0.0015,2018-04-24T03:52:24.358Z
sell,9309.0,0.11979791,2018-04-24T03:52:24.361Z
sell,9210.0,16.24809653,2018-04-24T03:52:24.362Z
sell,9194.88,0.0,2018-04-24T03:52:24.363Z
sell,9276.0,0.1025,2018-04-24T03:52:24.402Z
sell,9194.89,0.0015,2018-04-24T03:52:24.416Z
buy,9191.16,0.0,2018-04-24T03:52:24.422Z
buy,9157.99,0.0,2018-04-24T03:52:24.423Z
buy,9125.02,0.0015,2018-04-24T03:52:24.430Z
sell,9309.0,0.11829791,2018-04-24T03:52:24.462Z
sell,9243.97,0.0015,2018-04-24T03:52:24.487Z
sell,9276.0,0.10099999999999999,2018-04-24T03:52:24.502Z
sell,9194.89,0.0,2018-04-24T03:52:24.503Z
buy,9059.5,0.0,2018-04-24T03:52:24.526Z
buy,9191.16,0.0015,2018-04-24T03:52:24.530Z
sell,9210.0,16.24959653,2018-04-24T03:52:24.563Z
buy,9157.99,0.0015,2018-04-24T03:52:24.566Z
sell,9243.97,0.0,2018-04-24T03:52:24.571Z
sell,9276.0,0.1025,2018-04-24T03:52:24.578Z
sell,9194.89,0.0015,2018-04-24T03:52:24.615Z
sell,9192.01,5.16496883,2018-04-24T03:52:24.616Z
buy,9167.15,0.0,2018-04-24T03:52:24.624Z
sell,9214.98,0.0,2018-04-24T03:52:24.626Z
buy,9190.0,3.56574618,2018-04-24T03:52:24.627Z
sell,9214.99,0.9,2018-04-24T03:52:24.634Z
sell,9192.01,7.66496883,2018-04-24T03:52:24.635Z
buy,9167.16,0.536045,2018-04-24T03:52:24.637Z
sell,9276.0,0.10099999999999999,2018-04-24T03:52:24.640Z
sell,9214.99,0.0,2018-04-24T03:52:24.643Z
buy,9167.16,0.0,2018-04-24T03:52:24.644Z
sell,9213.14,0.0,2018-04-24T03:52:24.655Z
buy,9125.02,0.0,2018-04-24T03:52:24.657Z
buy,9191.16,0.0,2018-04-24T03:52:24.660Z
buy,9092.5,0.0,2018-04-24T03:52:24.661Z
buy,9157.99,0.0,2018-04-24T03:52:24.662Z
sell,9210.0,16.24809653,2018-04-24T03:52:24.663Z
buy,9059.5,0.0015,2018-04-24T03:52:24.666Z
sell,9213.15,0.9,2018-04-24T03:52:24.667Z
buy,9167.15,0.536045,2018-04-24T03:52:24.669Z
sell,9309.0,0.11979791,2018-04-24T03:52:24.671Z
sell,9214.98,0.9,2018-04-24T03:52:24.676Z
sell,9213.15,0.0,2018-04-24T03:52:24.685Z
sell,9213.14,0.9,2018-04-24T03:52:24.692Z
sell,9243.97,0.0015,2018-04-24T03:52:24.717Z
sell,9194.89,0.0,2018-04-24T03:52:24.722Z
sell,9276.0,0.1025,2018-04-24T03:52:24.751Z
buy,9059.5,0.0,2018-04-24T03:52:24.760Z
sell,9192.01,5.16496883,2018-04-24T03:52:24.762Z
buy,9167.15,0.0,2018-04-24T03:52:24.770Z
sell,9214.98,0.0,2018-04-24T03:52:24.772Z
sell,9214.99,0.9,2018-04-24T03:52:24.836Z
buy,9167.16,0.536045,2018-04-24T03:52:24.839Z
buy,9157.99,0.0015,2018-04-24T03:52:24.842Z
buy,9191.16,0.0015,2018-04-24T03:52:24.844Z
sell,9213.14,0.0,2018-04-24T03:52:24.844Z
buy,9192.0,5.00848464,2018-04-24T03:52:24.847Z
sell,9213.15,0.9,2018-04-24T03:52:24.849Z
buy,9125.02,0.0015,2018-04-24T03:52:24.897Z
buy,9092.5,0.0015,2018-04-24T03:52:24.898Z
sell,9243.97,0.0,2018-04-24T03:52:24.900Z
buy,9190.27,0.5701,2018-04-24T03:52:24.901Z
buy,9125.02,0.0,2018-04-24T03:52:24.905Z
buy,9191.16,0.0,2018-04-24T03:52:24.943Z
buy,9157.99,0.0,2018-04-24T03:52:24.948Z
buy,9059.5,0.0015,2018-04-24T03:52:24.952Z
sell,9194.89,0.0015,2018-04-24T03:52:24.953Z
sell,9196.04,0.002844,2018-04-24T03:52:24.954Z
sell,9309.0,0.11829791,2018-04-24T03:52:24.956Z
sell,9210.0,16.24959653,2018-04-24T03:52:25.003Z
buy,9125.02,0.0015,2018-04-24T03:52:25.004Z
buy,9059.5,0.0,2018-04-24T03:52:25.007Z
buy,9190.27,0.0,2018-04-24T03:52:25.008Z
sell,9194.89,0.0,2018-04-24T03:52:25.013Z
buy,9191.16,0.0015,2018-04-24T03:52:25.015Z
buy,9157.99,0.0015,2018-04-24T03:52:25.016Z
sell,9276.0,0.10099999999999999,2018-04-24T03:52:25.123Z
sell,9309.0,0.11979791,2018-04-24T03:52:25.126Z
buy,9092.5,0.0,2018-04-24T03:52:25.129Z
buy,9125.02,0.0,2018-04-24T03:52:25.130Z
buy,9059.5,0.0015,2018-04-24T03:52:25.132Z
sell,9210.0,16.24809653,2018-04-24T03:52:25.134Z
sell,9194.89,0.0015,2018-04-24T03:52:25.135Z
buy,9192.0,4.00848464,2018-04-24T03:52:25.235Z
sell,9196.04,0.001794,2018-04-24T03:52:25.241Z
sell,9194.89,0.0,2018-04-24T03:52:25.258Z
buy,9191.16,0.0,2018-04-24T03:52:25.291Z
buy,9157.99,0.0,2018-04-24T03:52:25.293Z
sell,9276.0,0.1025,2018-04-24T03:52:25.295Z
buy,9092.5,0.0015,2018-04-24T03:52:25.297Z
sell,9309.0,0.11829791,2018-04-24T03:52:25.311Z
sell,9210.0,16.24959653,2018-04-24T03:52:25.317Z
buy,9125.02,0.0015,2018-04-24T03:52:25.320Z
sell,10111.22,0.01,2018-04-24T03:52:25.333Z
sell,9194.89,0.0015,2018-04-24T03:52:25.359Z
buy,9191.16,0.0015,2018-04-24T03:52:25.363Z
sell,9192.01,7.66496883,2018-04-24T03:52:25.381Z
sell,9214.99,0.0,2018-04-24T03:52:25.393Z
sell,9214.98,0.9,2018-04-24T03:52:25.399Z
buy,9167.15,0.536045,2018-04-24T03:52:25.403Z
sell,9213.15,0.0,2018-04-24T03:52:25.414Z
sell,9213.14,0.9,2018-04-24T03:52:25.420Z
sell,9210.0,16.24809653,2018-04-24T03:52:25.440Z
buy,9167.16,0.0,2018-04-24T03:52:25.453Z
buy,9092.5,0.0,2018-04-24T03:52:25.461Z
sell,9309.0,0.11979791,2018-04-24T03:52:25.464Z
buy,9157.99,0.0015,2018-04-24T03:52:25.467Z
sell,9276.0,0.10099999999999999,2018-04-24T03:52:25.467Z
buy,9172.76,0.0,2018-04-24T03:52:25.501Z
buy,9172.51,0.5,2018-04-24T03:52:25.505Z
sell,9192.01,7.66392883,2018-04-24T03:52:25.508Z
sell,9192.01,7.66569883,2018-04-24T03:52:25.516Z
sell,9194.89,0.0,2018-04-24T03:52:25.520Z
buy,8272.8,0.01,2018-04-24T03:52:25.532Z
sell,9210.0,16.24959653,2018-04-24T03:52:25.565Z
sell,9309.0,0.11829791,2018-04-24T03:52:25.573Z
buy,9157.99,0.0,2018-04-24T03:52:25.575Z
buy,9191.16,0.0,2018-04-24T03:52:25.577Z
buy,9125.02,0.0,2018-04-24T03:52:25.578Z
sell,9276.0,0.1025,2018-04-24T03:52:25.580Z
buy,9092.5,0.0015,2018-04-24T03:52:25.582Z
sell,9243.97,0.0015,2018-04-24T03:52:25.607Z
sell,9210.0,16.24809653,2018-04-24T03:52:25.624Z
buy,9172.51,0.0,2018-04-24T03:52:25.628Z
buy,9172.76,0.5,2018-04-24T03:52:25.646Z
sell,9276.0,0.10099999999999999,2018-04-24T03:52:25.647Z
sell,9243.37,0.0015,2018-04-24T03:52:25.654Z
sell,9378.69,0.0,2018-04-24T03:52:25.673Z
sell,9409.01,0.001,2018-04-24T03:52:25.677Z
buy,9092.5,0.0,2018-04-24T03:52:25.679Z
sell,9332.51,0.0023,2018-04-24T03:52:25.681Z
sell,9332.51,0.0046,2018-04-24T03:52:25.682Z
sell,9332.51,0.0108,2018-04-24T03:52:25.684Z
sell,9332.51,0.0118,2018-04-24T03:52:25.686Z
sell,9194.89,0.0015,2018-04-24T03:52:25.688Z
buy,9191.16,0.0015,2018-04-24T03:52:25.691Z
sell,9332.5,0.0216,2018-04-24T03:52:25.693Z
buy,9157.99,0.0015,2018-04-24T03:52:25.695Z
sell,19245.53,0.0015,2018-04-24T03:52:25.696Z
sell,9332.51,0.0146,2018-04-24T03:52:25.701Z
sell,9243.37,0.0,2018-04-24T03:52:25.702Z
sell,9194.89,0.0,2018-04-24T03:52:25.714Z
sell,9243.97,0.0,2018-04-24T03:52:25.733Z
sell,9332.51,0.0286,2018-04-24T03:52:25.743Z
sell,9196.04,0.002884,2018-04-24T03:52:25.769Z
sell,9194.89,0.0015,2018-04-24T03:52:25.812Z
sell,9194.89,0.0,2018-04-24T03:52:25.880Z
sell,9243.97,0.0015,2018-04-24T03:52:25.916Z
sell,9243.97,0.0,2018-04-24T03:52:25.957Z
sell,9194.89,0.0015,2018-04-24T03:52:25.982Z
buy,9168.0,0.501,2018-04-24T03:52:25.992Z
sell,9194.89,0.0,2018-04-24T03:52:26.048Z
sell,9243.97,0.0015,2018-04-24T03:52:26.087Z
buy,9172.76,0.0,2018-04-24T03:52:26.126Z
buy,9172.51,0.5,2018-04-24T03:52:26.144Z
sell,9332.51,0.03457206,2018-04-24T03:52:26.190Z
buy,8300.0,38.39235217,2018-04-24T03:52:26.216Z
sell,9213.51,0.0,2018-04-24T03:52:26.270Z
sell,9192.01,5.16569883,2018-04-24T03:52:26.290Z
buy,9172.51,0.0,2018-04-24T03:52:26.294Z
sell,9214.98,0.0,2018-04-24T03:52:26.296Z
buy,9167.15,0.0,2018-04-24T03:52:26.300Z
sell,9213.14,0.0,2018-04-24T03:52:26.303Z
sell,9213.15,0.9,2018-04-24T03:52:26.306Z
buy,9167.16,0.536045,2018-04-24T03:52:26.309Z
sell,9213.49,0.005,2018-04-24T03:52:26.311Z
buy,9192.0,5.00848464,2018-04-24T03:52:26.314Z
sell,9214.99,0.9,2018-04-24T03:52:26.316Z
buy,9172.76,0.5,2018-04-24T03:52:26.324Z
buy,9190.27,0.5701,2018-04-24T03:52:26.330Z
buy,9192.0,4.21840405,2018-04-24T03:52:26.499Z
buy,9019.37,0.004,2018-04-24T03:52:26.504Z
buy,9190.27,0.0,2018-04-24T03:52:26.505Z
buy,9192.0,3.21840405,2018-04-24T03:52:26.549Z
sell,9214.99,0.0,2018-04-24T03:52:26.555Z
buy,9167.16,0.0,2018-04-24T03:52:26.556Z
buy,9167.15,0.536045,2018-04-24T03:52:26.584Z
sell,9243.97,0.0,2018-04-24T03:52:26.585Z
sell,9214.98,0.9,2018-04-24T03:52:26.586Z
sell,9192.01,7.66569883,2018-04-24T03:52:26.588Z
sell,9213.15,0.0,2018-04-24T03:52:26.588Z
sell,9213.14,0.9,2018-04-24T03:52:26.591Z
sell,9194.89,0.0015,2018-04-24T03:52:26.595Z
sell,9192.01,10.16569883,2018-04-24T03:52:26.604Z
sell,9210.39,0.9,2018-04-24T03:52:26.612Z
sell,9210.38,2.171,2018-04-24T03:52:26.620Z
sell,9194.89,0.0,2018-04-24T03:52:26.627Z
sell,9210.39,0.0,2018-04-24T03:52:26.643Z
sell,9210.38,3.071,2018-04-24T03:52:26.650Z
sell,9192.01,7.66569883,2018-04-24T03:52:26.659Z
sell,9243.37,0.0015,2018-04-24T03:52:26.661Z
sell,9192.01,10.16569883,2018-04-24T03:52:26.669Z
sell,9210.38,2.171,2018-04-24T03:52:26.687Z
sell,9210.39,0.9,2018-04-24T03:52:26.694Z
sell,9192.01,7.66569883,2018-04-24T03:52:26.700Z
sell,9243.37,0.0,2018-04-24T03:52:26.704Z
sell,9210.39,0.0,2018-04-24T03:52:26.710Z
sell,9210.38,1.271,2018-04-24T03:52:26.711Z
sell,9210.38,2.171,2018-04-24T03:52:26.715Z
sell,9192.01,10.16569883,2018-04-24T03:52:26.719Z
sell,9210.39,0.9,2018-04-24T03:52:26.728Z
sell,9194.89,0.0015,2018-04-24T03:52:26.729Z
sell,9192.01,7.66569883,2018-04-24T03:52:26.730Z
sell,9210.39,0.0,2018-04-24T03:52:26.732Z
sell,9192.01,10.16569883,2018-04-24T03:52:26.746Z
sell,9210.38,3.071,2018-04-24T03:52:26.748Z
sell,9210.38,2.171,2018-04-24T03:52:26.749Z
sell,9210.38,1.271,2018-04-24T03:52:26.751Z
sell,9192.01,7.66569883,2018-04-24T03:52:26.754Z
sell,9210.39,0.9,2018-04-24T03:52:26.756Z
sell,9210.39,1.8,2018-04-24T03:52:26.780Z
sell,9210.39,0.9,2018-04-24T03:52:26.782Z
buy,8950.41,0.1,2018-04-24T03:52:26.788Z
sell,9210.38,2.171,2018-04-24T03:52:26.791Z
sell,9194.89,0.0,2018-04-24T03:52:26.793Z
sell,9210.38,1.271,2018-04-24T03:52:26.802Z
sell,9210.39,0.0,2018-04-24T03:52:26.806Z
sell,9210.39,0.9,2018-04-24T03:52:26.810Z
sell,9243.37,0.0015,2018-04-24T03:52:26.811Z
sell,9210.38,2.171,2018-04-24T03:52:26.813Z
sell,9210.38,1.271,2018-04-24T03:52:26.814Z
sell,9192.01,7.66392883,2018-04-24T03:52:26.822Z
sell,9210.39,1.8,2018-04-24T03:52:26.824Z
sell,9192.01,7.66545883,2018-04-24T03:52:26.826Z
sell,9243.37,0.0,2018-04-24T03:52:26.853Z
sell,9194.89,0.0015,2018-04-24T03:52:26.880Z
sell,9192.01,10.16545883,2018-04-24T03:52:26.898Z
buy,9019.38,0.004,2018-04-24T03:52:26.903Z
sell,9210.39,0.9,2018-04-24T03:52:26.914Z
sell,9210.39,0.0,2018-04-24T03:52:26.920Z
sell,9210.38,2.171,2018-04-24T03:52:26.922Z
sell,9210.38,3.071,2018-04-24T03:52:26.930Z
sell,9194.89,0.0,2018-04-24T03:52:26.935Z
sell,9243.97,0.0015,2018-04-24T03:52:26.965Z
sell,9243.97,0.0,2018-04-24T03:52:27.016Z
sell,9194.89,0.0015,2018-04-24T03:52:27.044Z
buy,8950.41,0.0,2018-04-24T03:52:27.120Z
sell,9196.04,0.001794,2018-04-24T03:52:27.125Z
sell,9192.01,10.16684883,2018-04-24T03:52:27.136Z
sell,9194.89,0.0,2018-04-24T03:52:27.196Z
sell,9243.97,0.0015,2018-04-24T03:52:27.226Z
sell,9243.97,0.0,2018-04-24T03:52:27.250Z
sell,9243.37,0.0015,2018-04-24T03:52:27.276Z
sell,9243.37,0.0,2018-04-24T03:52:27.342Z
sell,9194.89,0.0015,2018-04-24T03:52:27.369Z
buy,8949.53,0.1,2018-04-24T03:52:27.415Z
sell,9194.89,0.0,2018-04-24T03:52:27.447Z
sell,9243.97,0.0015,2018-04-24T03:52:27.471Z
sell,9243.97,0.0,2018-04-24T03:52:27.523Z
sell,9194.89,0.0015,2018-04-24T03:52:27.550Z
sell,9194.89,0.0,2018-04-24T03:52:27.599Z
buy,8949.41,0.0,2018-04-24T03:52:27.612Z
buy,8951.4,0.1,2018-04-24T03:52:27.620Z
sell,9243.37,0.0015,2018-04-24T03:52:27.627Z
sell,9196.04,0.0034240000000000004,2018-04-24T03:52:27.644Z
sell,9243.37,0.0,2018-04-24T03:52:27.680Z
sell,9194.89,0.0015,2018-04-24T03:52:27.718Z
sell,9194.89,0.0,2018-04-24T03:52:27.760Z
sell,9243.37,0.0015,2018-04-24T03:52:27.793Z
buy,9192.0,3.19550405,2018-04-24T03:52:27.804Z
sell,9243.37,0.0,2018-04-24T03:52:27.852Z
sell,9192.01,12.66684883,2018-04-24T03:52:27.862Z
sell,9243.36,0.0015,2018-04-24T03:52:27.876Z
sell,9192.01,10.16684883,2018-04-24T03:52:27.886Z
sell,9192.01,10.16531883,2018-04-24T03:52:27.887Z
sell,9192.01,10.16671883,2018-04-24T03:52:27.895Z
sell,9243.36,0.0,2018-04-24T03:52:27.979Z
sell,9192.01,7.66671883,2018-04-24T03:52:27.982Z
sell,9210.38,2.171,2018-04-24T03:52:27.996Z
buy,9179.38,0.0,2018-04-24T03:52:28.003Z
sell,9194.89,0.0015,2018-04-24T03:52:28.015Z
sell,9210.39,0.9,2018-04-24T03:52:28.016Z
sell,9210.38,1.271,2018-04-24T03:52:28.036Z
sell,9210.39,1.8,2018-04-24T03:52:28.040Z
sell,9194.89,0.0,2018-04-24T03:52:28.046Z
sell,9243.97,0.0015,2018-04-24T03:52:28.074Z
sell,9243.97,0.0,2018-04-24T03:52:28.246Z
buy,9174.82,0.001,2018-04-24T03:52:28.258Z
sell,9194.89,0.0015,2018-04-24T03:52:28.277Z
buy,9175.49,0.0,2018-04-24T03:52:28.297Z
sell,9192.01,10.16671883,2018-04-24T03:52:28.314Z
sell,9194.89,0.0,2018-04-24T03:52:28.323Z
sell,9192.01,12.66671883,2018-04-24T03:52:28.337Z
sell,9210.39,0.9,2018-04-24T03:52:28.348Z
sell,9243.37,0.0015,2018-04-24T03:52:28.350Z
sell,9210.38,2.171,2018-04-24T03:52:28.354Z
sell,9210.39,0.0,2018-04-24T03:52:28.372Z
sell,9192.01,12.60671883,2018-04-24T03:52:28.373Z
sell,9210.38,3.071,2018-04-24T03:52:28.375Z
sell,9243.37,0.0,2018-04-24T03:52:28.395Z
sell,9194.89,0.0015,2018-04-24T03:52:28.426Z
buy,9192.0,3.46550405,2018-04-24T03:52:28.533Z
sell,9192.01,10.10671883,2018-04-24T03:52:28.544Z
sell,9196.04,0.001794,2018-04-24T03:52:28.548Z
sell,9192.01,10.10532883,2018-04-24T03:52:28.548Z
sell,9192.01,10.10711883,2018-04-24T03:52:28.562Z
sell,9194.89,0.0,2018-04-24T03:52:28.577Z
sell,9192.01,7.60711883,2018-04-24T03:52:28.594Z
sell,9243.37,0.0015,2018-04-24T03:52:28.606Z
sell,9210.38,2.171,2018-04-24T03:52:28.613Z
sell,9210.39,0.9,2018-04-24T03:52:28.620Z
sell,9192.01,5.10711883,2018-04-24T03:52:28.621Z
sell,9210.38,1.271,2018-04-24T03:52:28.643Z
sell,9210.39,1.8,2018-04-24T03:52:28.652Z
sell,9192.01,7.60711883,2018-04-24T03:52:28.654Z
buy,9192.0,4.46550405,2018-04-24T03:52:28.661Z
sell,9213.14,0.0,2018-04-24T03:52:28.667Z
sell,9243.37,0.0,2018-04-24T03:52:28.668Z
buy,9192.0,3.46550405,2018-04-24T03:52:28.671Z
sell,9213.15,0.9,2018-04-24T03:52:28.682Z
sell,9213.15,0.0,2018-04-24T03:52:28.684Z
buy,9192.0,5.96550405,2018-04-24T03:52:28.686Z
sell,9192.01,5.10711883,2018-04-24T03:52:28.687Z
buy,9192.0,6.96550405,2018-04-24T03:52:28.690Z
sell,9194.89,0.0015,2018-04-24T03:52:28.694Z
sell,9213.14,0.9,2018-04-24T03:52:28.696Z
sell,9210.39,0.9,2018-04-24T03:52:28.720Z
sell,9213.14,0.0,2018-04-24T03:52:28.721Z
sell,9210.4,0.9,2018-04-24T03:52:28.727Z
sell,9213.16,0.9,2018-04-24T03:52:28.733Z
buy,9192.0,5.96550405,2018-04-24T03:52:28.734Z
sell,9194.89,0.0,2018-04-24T03:52:28.736Z
buy,9192.0,6.96550405,2018-04-24T03:52:28.781Z
sell,9243.37,0.0015,2018-04-24T03:52:28.783Z
sell,9210.39,0.0,2018-04-24T03:52:28.786Z
sell,9214.98,0.0,2018-04-24T03:52:28.788Z
buy,9167.15,0.0,2018-04-24T03:52:28.789Z
sell,9210.4,1.8,2018-04-24T03:52:28.791Z
sell,9291.6,0.0,2018-04-24T03:52:28.792Z
sell,9214.99,0.9,2018-04-24T03:52:28.794Z
sell,9310.18,0.04478,2018-04-24T03:52:28.795Z
buy,9192.0,6.96440405,2018-04-24T03:52:28.798Z
sell,9214.99,0.0,2018-04-24T03:52:28.800Z
buy,8951.4,0.0,2018-04-24T03:52:28.805Z
sell,9243.37,0.0,2018-04-24T03:52:28.864Z
buy,9162.76,0.0,2018-04-24T03:52:29.066Z
buy,9167.16,0.536045,2018-04-24T03:52:29.069Z
buy,9167.16,0.0,2018-04-24T03:52:29.075Z
sell,9196.04,0.003614,2018-04-24T03:52:29.087Z
sell,9194.89,0.0015,2018-04-24T03:52:29.093Z
buy,9192.0,6.96626405,2018-04-24T03:52:29.095Z
buy,9167.17,0.536045,2018-04-24T03:52:29.100Z
sell,9347.46,0.64836,2018-04-24T03:52:29.101Z
sell,9215.0,10.901,2018-04-24T03:52:29.102Z
sell,9194.89,0.0,2018-04-24T03:52:29.255Z
sell,9243.37,0.0015,2018-04-24T03:52:29.263Z
sell,9243.37,0.0,2018-04-24T03:52:29.294Z
buy,9158.11,0.001,2018-04-24T03:52:29.329Z
sell,9194.89,0.0015,2018-04-24T03:52:29.334Z
sell,9196.04,0.001794,2018-04-24T03:52:29.379Z
buy,9190.27,0.5670000000000001,2018-04-24T03:52:29.460Z
sell,9750.0,18.48349035,2018-04-24T03:52:29.477Z
sell,9194.89,0.0,2018-04-24T03:52:29.504Z
buy,7340.0,0.06997439,2018-04-24T03:52:29.514Z
sell,9243.37,0.0015,2018-04-24T03:52:29.532Z
sell,9243.37,0.0,2018-04-24T03:52:29.557Z
sell,9194.89,0.0015,2018-04-24T03:52:29.586Z
sell,9194.89,0.0,2018-04-24T03:52:29.631Z
sell,9243.37,0.0015,2018-04-24T03:52:29.638Z
buy,9190.06,0.01,2018-04-24T03:52:29.646Z
sell,9196.04,0.0034340000000000004,2018-04-24T03:52:29.656Z
sell,9243.37,0.0,2018-04-24T03:52:29.685Z
sell,9194.89,0.0015,2018-04-24T03:52:29.713Z
buy,7798.75,0.0,2018-04-24T03:52:29.895Z
sell,9196.04,0.001794,2018-04-24T03:52:29.900Z
sell,9196.01,1.91842784,2018-04-24T03:52:29.955Z
buy,9192.0,4.46626405,2018-04-24T03:52:29.990Z
buy,9190.27,0.0,2018-04-24T03:52:29.996Z
buy,9192.0,3.46626405,2018-04-24T03:52:30.001Z
sell,9210.4,0.9,2018-04-24T03:52:30.003Z
sell,9215.0,10.001,2018-04-24T03:52:30.004Z
buy,9190.09,0.5695,2018-04-24T03:52:30.005Z
buy,9167.17,0.0,2018-04-24T03:52:30.006Z
sell,9214.99,0.9,2018-04-24T03:52:30.036Z
buy,9167.16,0.536045,2018-04-24T03:52:30.038Z
sell,9214.99,0.0,2018-04-24T03:52:30.038Z
sell,9210.39,0.9,2018-04-24T03:52:30.046Z
sell,9194.89,0.0,2018-04-24T03:52:30.047Z
sell,9213.16,0.0,2018-04-24T03:52:30.054Z
sell,9210.4,0.0,2018-04-24T03:52:30.055Z
sell,9214.98,0.9,2018-04-24T03:52:30.056Z
sell,9213.15,0.9,2018-04-24T03:52:30.058Z
buy,9192.0,4.46626405,2018-04-24T03:52:30.062Z
sell,9243.37,0.0015,2018-04-24T03:52:30.068Z
buy,9192.0,3.46626405,2018-04-24T03:52:30.070Z
buy,9167.16,0.0,2018-04-24T03:52:30.071Z
buy,9167.15,0.536045,2018-04-24T03:52:30.078Z
sell,9214.98,0.0,2018-04-24T03:52:30.079Z
buy,9167.15,0.0,2018-04-24T03:52:30.089Z
sell,9214.99,0.9,2018-04-24T03:52:30.091Z
buy,9192.0,4.46626405,2018-04-24T03:52:30.092Z
buy,9167.16,0.536045,2018-04-24T03:52:30.094Z
buy,9192.0,3.46626405,2018-04-24T03:52:30.099Z
sell,9210.39,1.8,2018-04-24T03:52:30.105Z
buy,9192.0,4.46626405,2018-04-24T03:52:30.117Z
buy,9167.16,0.0,2018-04-24T03:52:30.122Z
buy,9192.0,3.46626405,2018-04-24T03:52:30.126Z
buy,9167.15,0.536045,2018-04-24T03:52:30.133Z
buy,9167.15,0.0,2018-04-24T03:52:30.136Z
sell,9214.99,0.0,2018-04-24T03:52:30.151Z
sell,9243.37,0.0,2018-04-24T03:52:30.155Z
buy,9167.16,0.536045,2018-04-24T03:52:30.158Z
sell,9214.98,0.9,2018-04-24T03:52:30.161Z
buy,9190.09,0.0,2018-04-24T03:52:30.164Z
buy,9167.16,0.0,2018-04-24T03:52:30.180Z
sell,9194.89,0.0015,2018-04-24T03:52:30.185Z
buy,9167.15,0.536045,2018-04-24T03:52:30.189Z
sell,9192.01,7.60711883,2018-04-24T03:52:30.199Z
sell,9192.01,5.10711883,2018-04-24T03:52:30.208Z
sell,9213.15,0.0,2018-04-24T03:52:30.241Z
sell,9213.14,0.9,2018-04-24T03:52:30.255Z
buy,8165.75,0.0,2018-04-24T03:52:30.258Z
sell,9213.14,0.0,2018-04-24T03:52:30.259Z
sell,9213.15,0.9,2018-04-24T03:52:30.267Z
sell,9194.89,0.0,2018-04-24T03:52:30.290Z
sell,9196.04,0.003664,2018-04-24T03:52:30.302Z
sell,9243.38,0.0025,2018-04-24T03:52:30.320Z
sell,9243.38,0.001,2018-04-24T03:52:30.365Z
sell,9194.89,0.0015,2018-04-24T03:52:30.396Z
sell,10111.22,0.0,2018-04-24T03:52:30.423Z
buy,9192.0,3.45626405,2018-04-24T03:52:30.464Z
buy,9189.55,0.01,2018-04-24T03:52:30.488Z
sell,9192.01,7.60711883,2018-04-24T03:52:30.489Z
sell,9194.89,0.0,2018-04-24T03:52:30.493Z
sell,9213.15,0.0,2018-04-24T03:52:30.504Z
sell,9213.14,0.9,2018-04-24T03:52:30.514Z
sell,9243.97,0.0015,2018-04-24T03:52:30.517Z
buy,6500.0,127.9247501,2018-04-24T03:52:30.524Z
buy,9189.55,0.0,2018-04-24T03:52:30.534Z
sell,9192.01,7.60532883,2018-04-24T03:52:30.537Z
buy,9189.68,0.01,2018-04-24T03:52:30.542Z
buy,9190.06,0.01198,2018-04-24T03:52:30.543Z
sell,9192.01,7.60683883,2018-04-24T03:52:30.546Z
sell,9192.01,7.60543883,2018-04-24T03:52:30.547Z
sell,9243.97,0.0,2018-04-24T03:52:30.558Z
buy,8441.0,0.01,2018-04-24T03:52:30.579Z
buy,9189.75,0.01,2018-04-24T03:52:30.584Z
sell,9194.88,0.0015,2018-04-24T03:52:30.586Z
buy,9189.68,0.0,2018-04-24T03:52:30.594Z
sell,9192.01,5.10543883,2018-04-24T03:52:30.609Z
sell,9194.88,0.0,2018-04-24T03:52:30.610Z
buy,9189.76,0.01,2018-04-24T03:52:30.621Z
buy,8272.8,0.0,2018-04-24T03:52:30.622Z
buy,9192.0,4.45626405,2018-04-24T03:52:30.629Z
buy,9167.15,0.0,2018-04-24T03:52:30.634Z
sell,9214.98,0.0,2018-04-24T03:52:30.635Z
sell,9194.89,0.0015,2018-04-24T03:52:30.637Z
sell,9214.99,0.9,2018-04-24T03:52:30.642Z
buy,9189.75,0.0,2018-04-24T03:52:30.644Z
buy,9167.16,0.536045,2018-04-24T03:52:30.647Z
sell,9213.14,0.0,2018-04-24T03:52:30.648Z
buy,9137.04,0.0,2018-04-24T03:52:30.649Z
sell,9213.15,0.9,2018-04-24T03:52:30.661Z
buy,9189.76,0.0,2018-04-24T03:52:30.675Z
buy,9189.8,0.01,2018-04-24T03:52:30.684Z
sell,9194.89,0.0,2018-04-24T03:52:30.688Z
sell,9243.37,0.0015,2018-04-24T03:52:30.713Z
buy,9189.81,0.01,2018-04-24T03:52:30.727Z
sell,9243.37,0.0,2018-04-24T03:52:30.757Z
sell,9194.89,0.0015,2018-04-24T03:52:30.781Z
sell,9194.89,0.0,2018-04-24T03:52:30.830Z
sell,9243.38,0.0025,2018-04-24T03:52:30.876Z
buy,9189.8,0.0,2018-04-24T03:52:30.956Z
buy,9189.81,0.0,2018-04-24T03:52:30.957Z
buy,9189.52,0.01,2018-04-24T03:52:30.977Z
buy,9189.52,0.0,2018-04-24T03:52:31.005Z
sell,9192.01,7.60543883,2018-04-24T03:52:31.007Z
buy,9189.69,0.01,2018-04-24T03:52:31.012Z
sell,9243.38,0.001,2018-04-24T03:52:31.013Z
buy,9192.0,3.45626405,2018-04-24T03:52:31.016Z
buy,8716.25,0.0,2018-04-24T03:52:31.018Z
sell,9214.99,0.0,2018-04-24T03:52:31.019Z
buy,9167.16,0.0,2018-04-24T03:52:31.020Z
buy,9167.15,0.536045,2018-04-24T03:52:31.028Z
sell,9214.98,0.9,2018-04-24T03:52:31.032Z
sell,9194.89,0.0015,2018-04-24T03:52:31.046Z
sell,9213.15,0.0,2018-04-24T03:52:31.051Z
sell,9213.14,0.9,2018-04-24T03:52:31.059Z
sell,9194.89,0.0,2018-04-24T03:52:31.135Z
sell,9192.01,7.60735883,2018-04-24T03:52:31.149Z
sell,9194.9,1.0889799999999998,2018-04-24T03:52:31.152Z
sell,9243.97,0.0015,2018-04-24T03:52:31.168Z
buy,9189.69,0.0,2018-04-24T03:52:31.223Z
buy,9190.01,0.01,2018-04-24T03:52:31.233Z
sell,9243.97,0.0,2018-04-24T03:52:31.367Z
buy,8899.75,0.0,2018-04-24T03:52:31.374Z
sell,9204.94,0.0,2018-04-24T03:52:31.375Z
sell,9192.01,5.10735883,2018-04-24T03:52:31.390Z
sell,9213.14,0.0,2018-04-24T03:52:31.392Z
sell,9324.97,0.01,2018-04-24T03:52:31.395Z
sell,9204.94,0.5,2018-04-24T03:52:31.397Z
sell,9213.15,0.9,2018-04-24T03:52:31.398Z
buy,9192.0,4.45626405,2018-04-24T03:52:31.400Z
sell,9194.89,0.0015,2018-04-24T03:52:31.401Z
buy,9167.15,0.0,2018-04-24T03:52:31.406Z
sell,9214.98,0.0,2018-04-24T03:52:31.406Z
sell,9214.99,0.9,2018-04-24T03:52:31.411Z
buy,9167.16,0.536045,2018-04-24T03:52:31.438Z
buy,9190.01,0.0,2018-04-24T03:52:31.440Z
sell,9194.89,0.0,2018-04-24T03:52:31.444Z
buy,9190.02,0.01,2018-04-24T03:52:31.446Z
buy,9192.0,3.45626405,2018-04-24T03:52:31.447Z
sell,9192.01,7.60735883,2018-04-24T03:52:31.454Z
sell,9214.99,0.0,2018-04-24T03:52:31.459Z
buy,9167.16,0.0,2018-04-24T03:52:31.460Z
sell,9213.15,0.0,2018-04-24T03:52:31.461Z
sell,9214.98,0.9,2018-04-24T03:52:31.467Z
sell,9243.37,0.0015,2018-04-24T03:52:31.470Z
sell,9213.14,0.9,2018-04-24T03:52:31.471Z
buy,9167.15,0.536045,2018-04-24T03:52:31.513Z
sell,9243.37,0.0,2018-04-24T03:52:31.558Z
sell,9194.89,0.0015,2018-04-24T03:52:31.562Z
buy,9140.72,6.42,2018-04-24T03:52:31.597Z
sell,9194.89,0.0,2018-04-24T03:52:31.598Z
sell,9243.37,0.0015,2018-04-24T03:52:31.619Z
sell,9192.01,7.60584883,2018-04-24T03:52:31.661Z
sell,9192.01,7.60684883,2018-04-24T03:52:31.669Z
sell,9243.37,0.0,2018-04-24T03:52:31.670Z
sell,9347.46,0.0,2018-04-24T03:52:31.683Z
sell,9194.89,0.0015,2018-04-24T03:52:31.698Z
sell,9310.18,0.64836,2018-04-24T03:52:31.700Z
sell,9291.6,0.04481,2018-04-24T03:52:31.703Z
buy,9037.38,0.0,2018-04-24T03:52:31.721Z
sell,9194.89,0.0,2018-04-24T03:52:31.734Z
sell,9243.36,0.0015,2018-04-24T03:52:31.769Z
buy,9190.02,0.0,2018-04-24T03:52:31.787Z
buy,9190.11,0.01,2018-04-24T03:52:31.797Z
buy,9190.12,0.01,2018-04-24T03:52:31.804Z
sell,9192.01,5.10684883,2018-04-24T03:52:31.805Z
sell,9243.36,0.0,2018-04-24T03:52:31.811Z
sell,9213.14,0.0,2018-04-24T03:52:31.834Z
sell,9194.89,0.0015,2018-04-24T03:52:31.836Z
sell,9213.15,0.9,2018-04-24T03:52:31.841Z
buy,9189.79,0.01,2018-04-24T03:52:31.844Z
buy,9190.11,0.0,2018-04-24T03:52:31.858Z
buy,9190.12,0.0,2018-04-24T03:52:31.860Z
buy,9189.81,0.01,2018-04-24T03:52:31.865Z
buy,9189.79,0.0,2018-04-24T03:52:31.939Z
sell,9194.89,0.0,2018-04-24T03:52:31.942Z
sell,9196.04,0.001794,2018-04-24T03:52:31.943Z
sell,9243.37,0.0015,2018-04-24T03:52:31.958Z
buy,9172.76,0.0,2018-04-24T03:52:31.990Z
buy,9189.81,0.0,2018-04-24T03:52:31.996Z
buy,9189.84,0.01,2018-04-24T03:52:32.004Z
buy,9172.51,0.5,2018-04-24T03:52:32.009Z
sell,9243.37,0.0,2018-04-24T03:52:32.052Z
sell,9194.89,0.0015,2018-04-24T03:52:32.061Z
sell,9310.18,0.04478,2018-04-24T03:52:32.083Z
sell,9291.6,0.0,2018-04-24T03:52:32.087Z
sell,9347.46,0.64836,2018-04-24T03:52:32.097Z
sell,9204.94,0.0,2018-04-24T03:52:32.117Z
buy,9172.51,0.0,2018-04-24T03:52:32.118Z
sell,9205.19,0.5,2018-04-24T03:52:32.133Z
buy,9172.76,0.5,2018-04-24T03:52:32.135Z
sell,9194.89,0.0,2018-04-24T03:52:32.142Z
sell,9243.37,0.0015,2018-04-24T03:52:32.169Z
sell,9192.01,5.16684883,2018-04-24T03:52:32.172Z
buy,9189.84,0.0,2018-04-24T03:52:32.173Z
sell,9213.15,0.0,2018-04-24T03:52:32.177Z
buy,9189.85,0.01,2018-04-24T03:52:32.181Z
sell,9213.14,0.9,2018-04-24T03:52:32.186Z
sell,9205.19,0.0,2018-04-24T03:52:32.196Z
buy,9192.0,5.95626405,2018-04-24T03:52:32.201Z
sell,9196.04,0.0034439999999999996,2018-04-24T03:52:32.202Z
sell,9213.14,0.0,2018-04-24T03:52:32.204Z
sell,9210.39,0.9,2018-04-24T03:52:32.205Z
buy,9190.03,0.01,2018-04-24T03:52:32.208Z
sell,9213.15,0.9,2018-04-24T03:52:32.211Z
sell,9210.4,0.9,2018-04-24T03:52:32.214Z
buy,9192.0,6.95626405,2018-04-24T03:52:32.216Z
sell,9204.94,0.5,2018-04-24T03:52:32.217Z
sell,9243.37,0.0,2018-04-24T03:52:32.218Z
sell,9214.98,0.0,2018-04-24T03:52:32.223Z
sell,9210.39,0.0,2018-04-24T03:52:32.224Z
sell,9213.15,0.0,2018-04-24T03:52:32.226Z
buy,9167.15,0.0,2018-04-24T03:52:32.227Z
sell,9214.99,0.9,2018-04-24T03:52:32.231Z
sell,9213.16,0.9,2018-04-24T03:52:32.235Z
sell,9210.4,1.8,2018-04-24T03:52:32.238Z
sell,9214.99,0.0,2018-04-24T03:52:32.239Z
buy,9167.16,0.536045,2018-04-24T03:52:32.243Z
buy,9167.16,0.0,2018-04-24T03:52:32.245Z
sell,9194.89,0.0015,2018-04-24T03:52:32.247Z
buy,9189.85,0.0,2018-04-24T03:52:32.249Z
buy,9167.17,0.536045,2018-04-24T03:52:32.257Z
sell,9215.0,10.901,2018-04-24T03:52:32.261Z
buy,9190.03,0.0,2018-04-24T03:52:32.274Z
buy,9054.12,0.002797,2018-04-24T03:52:32.296Z
sell,9194.89,0.0,2018-04-24T03:52:32.439Z
buy,9192.0,6.95440405,2018-04-24T03:52:32.447Z
sell,9243.97,0.0015,2018-04-24T03:52:32.512Z
buy,9190.05,0.01,2018-04-24T03:52:32.514Z
buy,9192.0,6.95630405,2018-04-24T03:52:32.516Z
sell,9243.97,0.0,2018-04-24T03:52:32.567Z
sell,9194.89,0.0015,2018-04-24T03:52:32.569Z
sell,9194.89,0.0,2018-04-24T03:52:32.629Z
buy,9190.05,0.0,2018-04-24T03:52:32.630Z
buy,8916.24,0.104341,2018-04-24T03:52:32.646Z
sell,9243.97,0.0015,2018-04-24T03:52:32.656Z
sell,9243.97,0.0,2018-04-24T03:52:32.714Z
sell,9194.89,0.0015,2018-04-24T03:52:32.743Z
buy,8732.4,0.0029,2018-04-24T03:52:32.834Z
buy,9189.83,0.01,2018-04-24T03:52:32.838Z
buy,9189.83,0.0,2018-04-24T03:52:32.890Z
sell,9194.89,0.0,2018-04-24T03:52:32.920Z
sell,9243.37,0.0015,2018-04-24T03:52:32.948Z
buy,9192.0,4.45630405,2018-04-24T03:52:32.955Z
buy,9192.0,3.45630405,2018-04-24T03:52:32.965Z
buy,9167.17,0.0,2018-04-24T03:52:32.967Z
sell,9215.0,10.001,2018-04-24T03:52:32.967Z
sell,9210.4,0.9,2018-04-24T03:52:32.968Z
sell,9210.39,0.9,2018-04-24T03:52:32.976Z
buy,9167.16,0.536045,2018-04-24T03:52:32.979Z
buy,9167.16,0.0,2018-04-24T03:52:32.984Z
sell,9214.99,0.9,2018-04-24T03:52:32.990Z
sell,9214.99,0.0,2018-04-24T03:52:32.992Z
buy,9167.15,0.536045,2018-04-24T03:52:33.001Z
sell,9214.98,0.9,2018-04-24T03:52:33.030Z
sell,9243.37,0.0,2018-04-24T03:52:33.033Z
sell,9194.89,0.0015,2018-04-24T03:52:33.047Z
sell,9213.16,0.0,2018-04-24T03:52:33.058Z
sell,9210.4,0.0,2018-04-24T03:52:33.059Z
sell,9213.14,0.9,2018-04-24T03:52:33.068Z
sell,9210.39,1.8,2018-04-24T03:52:33.070Z
sell,9194.89,0.0,2018-04-24T03:52:33.099Z
sell,9192.01,7.66684883,2018-04-24T03:52:33.110Z
sell,9243.97,0.0015,2018-04-24T03:52:33.123Z
buy,9189.94,0.01,2018-04-24T03:52:33.168Z
sell,9243.97,0.0,2018-04-24T03:52:33.171Z
buy,8456.64,0.002995,2018-04-24T03:52:33.188Z
sell,9192.01,5.16684883,2018-04-24T03:52:33.189Z
sell,9194.89,0.0015,2018-04-24T03:52:33.200Z
buy,9189.94,0.0,2018-04-24T03:52:33.271Z
sell,9196.04,0.001794,2018-04-24T03:52:33.277Z
buy,9192.0,4.45630405,2018-04-24T03:52:33.316Z
buy,9167.15,0.0,2018-04-24T03:52:33.326Z
sell,9214.98,0.0,2018-04-24T03:52:33.327Z
sell,9213.14,0.0,2018-04-24T03:52:33.331Z
buy,9167.16,0.536045,2018-04-24T03:52:33.334Z
sell,9214.99,0.9,2018-04-24T03:52:33.335Z
sell,9213.15,0.9,2018-04-24T03:52:33.338Z
buy,8180.88,0.0030960000000000002,2018-04-24T03:52:33.362Z
buy,9019.38,0.003,2018-04-24T03:52:33.372Z
buy,9019.37,0.003,2018-04-24T03:52:33.373Z
sell,9194.89,0.0,2018-04-24T03:52:33.376Z
buy,9019.36,0.003,2018-04-24T03:52:33.380Z
sell,9243.37,0.0015,2018-04-24T03:52:33.408Z
sell,9243.37,0.0,2018-04-24T03:52:33.479Z
sell,9243.38,0.0025,2018-04-24T03:52:33.503Z
buy,9190.23,0.01,2018-04-24T03:52:33.510Z
sell,9304.85,0.0,2018-04-24T03:52:33.512Z
sell,9243.38,0.001,2018-04-24T03:52:33.565Z
buy,9190.06,0.01,2018-04-24T03:52:33.573Z
sell,9196.04,0.0030239999999999998,2018-04-24T03:52:33.581Z
sell,9260.33,0.62331763,2018-04-24T03:52:33.595Z
sell,9194.89,0.0015,2018-04-24T03:52:33.598Z
buy,9190.23,0.0,2018-04-24T03:52:33.633Z
buy,7813.2,0.003242,2018-04-24T03:52:33.736Z
sell,9194.89,0.0,2018-04-24T03:52:33.760Z
sell,9243.37,0.0015,2018-04-24T03:52:33.788Z
buy,9192.0,4.46630405,2018-04-24T03:52:33.879Z
sell,9243.37,0.0,2018-04-24T03:52:33.903Z
buy,9190.06,0.0118,2018-04-24T03:52:33.908Z
sell,9194.89,0.0015,2018-04-24T03:52:33.933Z
buy,7353.6,0.0034439999999999996,2018-04-24T03:52:33.987Z
sell,9194.9,1.09548149,2018-04-24T03:52:34.148Z
sell,9196.04,0.001794,2018-04-24T03:52:34.155Z
buy,9192.0,4.45630405,2018-04-24T03:52:34.323Z
buy,9190.35,0.01,2018-04-24T03:52:34.331Z
sell,9194.89,0.0,2018-04-24T03:52:34.352Z
buy,8951.28,0.1,2018-04-24T03:52:34.356Z
buy,9190.35,0.0,2018-04-24T03:52:34.370Z
sell,9243.37,0.0015,2018-04-24T03:52:34.381Z
sell,9243.37,0.0,2018-04-24T03:52:34.475Z
sell,9194.89,0.0015,2018-04-24T03:52:34.504Z
sell,9196.04,0.0035340000000000002,2018-04-24T03:52:34.510Z
sell,9260.33,0.49425763,2018-04-24T03:52:34.511Z
sell,9304.85,0.12905999999999998,2018-04-24T03:52:34.521Z
sell,9194.89,0.0,2018-04-24T03:52:34.548Z
buy,9190.05,0.01,2018-04-24T03:52:34.553Z
sell,9243.37,0.0015,2018-04-24T03:52:34.576Z
buy,9190.05,0.0,2018-04-24T03:52:34.584Z
buy,9189.75,0.01,2018-04-24T03:52:34.926Z
buy,9191.16,0.00251,2018-04-24T03:52:34.955Z
sell,9297.7,0.0,2018-04-24T03:52:34.983Z
buy,9189.75,0.0,2018-04-24T03:52:35.018Z
sell,9243.37,0.0,2018-04-24T03:52:35.037Z
sell,9192.01,5.30398272,2018-04-24T03:52:35.049Z
sell,9194.89,0.0015,2018-04-24T03:52:35.069Z
buy,9189.76,0.01,2018-04-24T03:52:35.260Z
sell,9196.04,0.001794,2018-04-24T03:52:35.281Z
buy,9189.76,0.0,2018-04-24T03:52:35.350Z
sell,9194.89,0.0,2018-04-24T03:52:35.388Z
sell,9243.37,0.0015,2018-04-24T03:52:35.415Z
sell,9196.02,0.0036446999999999994,2018-04-24T03:52:35.438Z
sell,9194.89,0.00201189,2018-04-24T03:52:35.471Z
buy,8951.28,0.0,2018-04-24T03:52:35.478Z
buy,8950.41,0.1,2018-04-24T03:52:35.484Z
sell,9243.37,0.0,2018-04-24T03:52:35.570Z
sell,9194.89,0.00351189,2018-04-24T03:52:35.602Z
buy,9192.0,4.46630405,2018-04-24T03:52:35.613Z
sell,9194.89,0.00201189,2018-04-24T03:52:35.642Z
buy,9192.0,4.45630405,2018-04-24T03:52:35.665Z
sell,9243.37,0.0015,2018-04-24T03:52:35.671Z
sell,9243.37,0.0,2018-04-24T03:52:35.735Z
sell,9194.89,0.00351189,2018-04-24T03:52:35.764Z
sell,9210.0,16.24959653,2018-04-24T03:52:35.793Z
buy,9157.99,0.0,2018-04-24T03:52:35.820Z
buy,9191.16,0.00101,2018-04-24T03:52:35.821Z
sell,9194.89,0.00201189,2018-04-24T03:52:35.823Z
sell,9243.38,0.0025,2018-04-24T03:52:35.832Z
buy,9125.02,0.0015,2018-04-24T03:52:35.834Z
buy,9092.5,0.0015,2018-04-24T03:52:35.844Z
sell,9210.0,16.24809653,2018-04-24T03:52:35.850Z
sell,9225.0,6.83326719,2018-04-24T03:52:35.870Z
sell,9309.0,0.11979791,2018-04-24T03:52:35.884Z
buy,9059.5,0.0,2018-04-24T03:52:35.891Z
buy,9157.99,0.0015,2018-04-24T03:52:35.898Z
sell,9243.38,0.001,2018-04-24T03:52:35.907Z
sell,9276.0,0.1025,2018-04-24T03:52:35.913Z
buy,9125.02,0.0,2018-04-24T03:52:35.924Z
sell,9194.89,0.00351189,2018-04-24T03:52:35.930Z
buy,9191.16,0.00251,2018-04-24T03:52:35.933Z
buy,9192.0,6.95630405,2018-04-24T03:52:35.957Z
sell,9210.39,0.9,2018-04-24T03:52:35.965Z
sell,9213.15,0.0,2018-04-24T03:52:35.966Z
buy,9190.26,2.34395,2018-04-24T03:52:35.967Z
buy,9167.16,0.0,2018-04-24T03:52:35.969Z
sell,9210.39,0.0,2018-04-24T03:52:35.971Z
sell,9210.4,0.9,2018-04-24T03:52:35.973Z
buy,9092.5,0.0,2018-04-24T03:52:35.974Z
sell,9213.16,0.9,2018-04-24T03:52:35.975Z
buy,9157.99,0.0,2018-04-24T03:52:35.976Z
sell,9210.4,1.8,2018-04-24T03:52:35.979Z
buy,9059.5,0.0015,2018-04-24T03:52:35.981Z
buy,9167.17,0.536045,2018-04-24T03:52:35.983Z
buy,9191.16,0.00101,2018-04-24T03:52:35.996Z
buy,9190.26,2.33395,2018-04-24T03:52:36.000Z
sell,9194.89,0.00201189,2018-04-24T03:52:36.034Z
buy,9125.02,0.0015,2018-04-24T03:52:36.045Z
buy,9059.5,0.0,2018-04-24T03:52:36.056Z
sell,9243.97,0.0015,2018-04-24T03:52:36.062Z
buy,9092.5,0.0015,2018-04-24T03:52:36.065Z
sell,9276.0,0.10099999999999999,2018-04-24T03:52:36.106Z
buy,9191.16,0.00251,2018-04-24T03:52:36.112Z
buy,9157.99,0.0015,2018-04-24T03:52:36.117Z
buy,9092.5,0.0,2018-04-24T03:52:36.123Z
buy,9125.02,0.0,2018-04-24T03:52:36.125Z
buy,9059.5,0.0015,2018-04-24T03:52:36.130Z
sell,9194.89,0.00351189,2018-04-24T03:52:36.175Z
sell,9243.97,0.0,2018-04-24T03:52:36.178Z
sell,9309.0,0.11829791,2018-04-24T03:52:36.209Z
buy,9157.99,0.0,2018-04-24T03:52:36.212Z
buy,9191.16,0.00101,2018-04-24T03:52:36.219Z
buy,9125.02,0.0015,2018-04-24T03:52:36.228Z
sell,9210.0,16.24959653,2018-04-24T03:52:36.230Z
buy,9092.5,0.0015,2018-04-24T03:52:36.237Z
sell,9194.89,0.00201189,2018-04-24T03:52:36.243Z
sell,9243.97,0.0015,2018-04-24T03:52:36.252Z
sell,9276.0,0.1025,2018-04-24T03:52:36.266Z
buy,9059.5,0.0,2018-04-24T03:52:36.294Z
sell,9213.49,0.0,2018-04-24T03:52:36.319Z
buy,9191.16,0.00251,2018-04-24T03:52:36.321Z
buy,9157.99,0.0015,2018-04-24T03:52:36.323Z
buy,9190.34,0.01,2018-04-24T03:52:36.327Z
sell,9210.0,16.24809653,2018-04-24T03:52:36.328Z
sell,9213.51,0.005,2018-04-24T03:52:36.337Z
sell,9194.89,0.00351189,2018-04-24T03:52:36.354Z
sell,9243.97,0.0,2018-04-24T03:52:36.373Z
sell,9192.01,5.24398272,2018-04-24T03:52:36.381Z
buy,9157.99,0.0,2018-04-24T03:52:36.404Z
buy,9092.5,0.0,2018-04-24T03:52:36.404Z
buy,9125.02,0.0,2018-04-24T03:52:36.405Z
buy,9191.16,0.00101,2018-04-24T03:52:36.406Z
sell,9276.0,0.10099999999999999,2018-04-24T03:52:36.407Z
sell,9309.0,0.11979791,2018-04-24T03:52:36.408Z
buy,9059.5,0.0015,2018-04-24T03:52:36.412Z
buy,9190.34,0.0,2018-04-24T03:52:36.495Z
sell,9194.89,0.00201189,2018-04-24T03:52:36.561Z
buy,9059.5,0.0,2018-04-24T03:52:36.600Z
sell,9243.97,0.0015,2018-04-24T03:52:36.603Z
sell,9196.01,1.91728626,2018-04-24T03:52:36.604Z
buy,9125.02,0.0015,2018-04-24T03:52:36.607Z
sell,9276.0,0.1025,2018-04-24T03:52:36.608Z
buy,9092.5,0.0015,2018-04-24T03:52:36.614Z
buy,9191.16,0.00251,2018-04-24T03:52:36.622Z
buy,9157.99,0.0015,2018-04-24T03:52:36.626Z
buy,9192.0,6.96630405,2018-04-24T03:52:36.640Z
sell,9194.88,0.00168564,2018-04-24T03:52:36.648Z
sell,9309.0,0.11829791,2018-04-24T03:52:36.656Z
sell,9194.89,0.00351189,2018-04-24T03:52:36.674Z
sell,9276.0,0.10099999999999999,2018-04-24T03:52:36.702Z
buy,9191.16,0.00101,2018-04-24T03:52:36.715Z
buy,9125.02,0.0,2018-04-24T03:52:36.717Z
buy,9157.99,0.0,2018-04-24T03:52:36.718Z
buy,9092.5,0.0,2018-04-24T03:52:36.719Z
sell,9243.97,0.0,2018-04-24T03:52:36.719Z
sell,9309.0,0.11979791,2018-04-24T03:52:36.723Z
buy,9059.5,0.0015,2018-04-24T03:52:36.728Z
sell,9194.89,0.00201189,2018-04-24T03:52:36.732Z
sell,9276.0,0.1025,2018-04-24T03:52:36.789Z
buy,9059.5,0.0,2018-04-24T03:52:36.790Z
buy,9157.99,0.0015,2018-04-24T03:52:36.792Z
buy,9191.16,0.00251,2018-04-24T03:52:36.794Z
sell,9309.0,0.11829791,2018-04-24T03:52:36.810Z
buy,9125.02,0.0015,2018-04-24T03:52:36.824Z
buy,9092.5,0.0015,2018-04-24T03:52:36.825Z
sell,9243.97,0.0015,2018-04-24T03:52:36.827Z
sell,9210.0,16.24959653,2018-04-24T03:52:36.833Z
buy,9192.0,6.95630405,2018-04-24T03:52:36.834Z
buy,9157.99,0.0,2018-04-24T03:52:36.846Z
sell,9243.97,0.0,2018-04-24T03:52:36.865Z
buy,9191.16,0.00101,2018-04-24T03:52:36.867Z
buy,9059.5,0.0015,2018-04-24T03:52:36.874Z
sell,9276.0,0.10099999999999999,2018-04-24T03:52:36.922Z
sell,9309.0,0.11979791,2018-04-24T03:52:36.930Z
buy,9157.99,0.0015,2018-04-24T03:52:36.933Z
sell,9210.0,16.24809653,2018-04-24T03:52:36.964Z
buy,9125.02,0.0,2018-04-24T03:52:36.995Z
sell,9194.89,0.00351189,2018-04-24T03:52:36.997Z
buy,9191.16,0.00251,2018-04-24T03:52:36.998Z
sell,9309.0,0.11829791,2018-04-24T03:52:37.036Z
buy,9190.4,0.01,2018-04-24T03:52:37.037Z
buy,9157.99,0.0,2018-04-24T03:52:37.039Z
sell,9194.89,0.00201189,2018-04-24T03:52:37.040Z
sell,9276.0,0.1025,2018-04-24T03:52:37.041Z
sell,9243.37,0.0015,2018-04-24T03:52:37.043Z
buy,9125.02,0.0015,2018-04-24T03:52:37.045Z
buy,9133.45,0.013000000000000001,2018-04-24T03:52:37.067Z
buy,9190.4,0.0,2018-04-24T03:52:37.096Z
sell,9243.37,0.0,2018-04-24T03:52:37.130Z
buy,9191.16,0.00101,2018-04-24T03:52:37.155Z
sell,9210.0,16.24959653,2018-04-24T03:52:37.162Z
sell,9243.97,0.0015,2018-04-24T03:52:37.164Z
buy,9157.99,0.0015,2018-04-24T03:52:37.169Z
sell,9276.0,0.10099999999999999,2018-04-24T03:52:37.181Z
buy,9174.11,0.0,2018-04-24T03:52:37.211Z
buy,8900.0,39.83199667,2018-04-24T03:52:37.242Z
sell,9210.0,16.24809653,2018-04-24T03:52:37.260Z
buy,9192.0,6.95440405,2018-04-24T03:52:37.274Z
buy,9169.48,11.0,2018-04-24T03:52:37.279Z
buy,9192.0,6.95636405,2018-04-24T03:52:37.285Z
sell,9196.02,0.0022946999999999998,2018-04-24T03:52:37.286Z
buy,9157.99,0.0,2018-04-24T03:52:37.287Z
sell,9243.97,0.0,2018-04-24T03:52:37.288Z
sell,9309.0,0.11979791,2018-04-24T03:52:37.292Z
sell,9194.89,0.00351189,2018-04-24T03:52:37.294Z
buy,9191.16,0.00251,2018-04-24T03:52:37.297Z
sell,9276.0,0.1025,2018-04-24T03:52:37.315Z
buy,9189.77,0.01,2018-04-24T03:52:37.329Z
buy,9092.5,0.0,2018-04-24T03:52:37.351Z
buy,9189.77,0.0,2018-04-24T03:52:37.363Z
buy,9157.99,0.0015,2018-04-24T03:52:37.369Z
sell,9194.89,0.00201189,2018-04-24T03:52:37.396Z
sell,9243.97,0.0015,2018-04-24T03:52:37.417Z
sell,9309.0,0.11829791,2018-04-24T03:52:37.418Z
sell,9210.0,16.24959653,2018-04-24T03:52:37.444Z
buy,9157.99,0.0,2018-04-24T03:52:37.564Z
sell,9243.97,0.0,2018-04-24T03:52:37.583Z
sell,9210.0,16.24809653,2018-04-24T03:52:37.588Z
sell,9276.0,0.10099999999999999,2018-04-24T03:52:37.589Z
buy,9191.16,0.00101,2018-04-24T03:52:37.590Z
buy,9125.02,0.0,2018-04-24T03:52:37.591Z
buy,9092.5,0.0015,2018-04-24T03:52:37.592Z
sell,9194.89,0.00351189,2018-04-24T03:52:37.618Z
buy,9092.5,0.0,2018-04-24T03:52:37.641Z
buy,9189.77,0.01,2018-04-24T03:52:37.663Z
buy,9191.16,0.00251,2018-04-24T03:52:37.667Z
sell,9210.0,16.24959653,2018-04-24T03:52:37.671Z
sell,9243.37,0.0015,2018-04-24T03:52:37.679Z
sell,9194.89,0.00201189,2018-04-24T03:52:37.709Z
buy,9189.77,0.0,2018-04-24T03:52:37.726Z
buy,9191.16,0.00101,2018-04-24T03:52:37.737Z
buy,9092.5,0.0015,2018-04-24T03:52:37.766Z
sell,9210.0,16.24809653,2018-04-24T03:52:37.772Z
sell,9243.37,0.0,2018-04-24T03:52:37.791Z
buy,9133.45,0.0,2018-04-24T03:52:37.882Z
buy,9191.16,0.0,2018-04-24T03:52:37.887Z
buy,9189.33,2.38287827,2018-04-24T03:52:38.067Z
buy,9189.33,2.37287827,2018-04-24T03:52:38.157Z
buy,9190.0,3.56723618,2018-04-24T03:52:38.175Z
buy,9191.0,4.83166877,2018-04-24T03:52:38.181Z
sell,9196.02,0.0,2018-04-24T03:52:38.292Z
buy,9189.81,0.01,2018-04-24T03:52:38.374Z
buy,9189.81,0.0,2018-04-24T03:52:38.548Z
sell,9196.01,1.71728626,2018-04-24T03:52:38.549Z
buy,9189.52,0.01,2018-04-24T03:52:38.722Z
buy,9189.52,0.0,2018-04-24T03:52:38.761Z
buy,9189.8,0.01,2018-04-24T03:52:39.063Z
buy,9189.8,0.0,2018-04-24T03:52:39.120Z
buy,9189.9,0.01,2018-04-24T03:52:39.433Z
buy,9189.9,0.0,2018-04-24T03:52:39.504Z
buy,8949.53,0.0,2018-04-24T03:52:39.667Z
buy,8950.41,0.0,2018-04-24T03:52:39.667Z
buy,8949.51,0.1,2018-04-24T03:52:39.691Z
sell,9196.01,1.71614472,2018-04-24T03:52:39.807Z
buy,9189.96,0.01,2018-04-24T03:52:39.809Z
buy,9189.96,0.0,2018-04-24T03:52:39.846Z
buy,9192.0,6.87928552,2018-04-24T03:52:40.111Z
buy,9192.0,6.87828552,2018-04-24T03:52:40.115Z
buy,9192.0,4.89336405,2018-04-24T03:52:40.148Z
buy,9192.0,2.39336405,2018-04-24T03:52:40.152Z
sell,9210.4,0.9,2018-04-24T03:52:40.153Z
sell,9213.16,0.0,2018-04-24T03:52:40.154Z
buy,9190.4,0.01,2018-04-24T03:52:40.155Z
sell,9210.39,0.9,2018-04-24T03:52:40.157Z
sell,9192.01,7.74398272,2018-04-24T03:52:40.158Z
buy,9192.0,1.39336405,2018-04-24T03:52:40.159Z
sell,9213.15,0.9,2018-04-24T03:52:40.162Z
sell,9213.15,0.0,2018-04-24T03:52:40.163Z
sell,9210.39,0.0,2018-04-24T03:52:40.188Z
sell,9210.4,0.0,2018-04-24T03:52:40.189Z
buy,9167.17,0.0,2018-04-24T03:52:40.190Z
sell,9214.99,0.0,2018-04-24T03:52:40.190Z
buy,9190.4,0.0,2018-04-24T03:52:40.192Z
sell,9192.01,10.24398272,2018-04-24T03:52:40.237Z
sell,9213.14,0.9,2018-04-24T03:52:40.250Z
buy,9192.0,2.39336405,2018-04-24T03:52:40.252Z
sell,9192.01,12.74398272,2018-04-24T03:52:40.254Z
sell,9347.46,0.0,2018-04-24T03:52:40.255Z
sell,9213.14,0.0,2018-04-24T03:52:40.256Z
sell,9210.38,2.171,2018-04-24T03:52:40.258Z
buy,9167.15,0.536045,2018-04-24T03:52:40.259Z
buy,9192.0,1.39336405,2018-04-24T03:52:40.260Z
buy,9167.15,0.0,2018-04-24T03:52:40.261Z
sell,9291.6,0.04481,2018-04-24T03:52:40.263Z
sell,9210.38,3.071,2018-04-24T03:52:40.264Z
sell,9214.97,0.9,2018-04-24T03:52:40.266Z
sell,9310.18,0.64836,2018-04-24T03:52:40.268Z
sell,9192.01,10.24398272,2018-04-24T03:52:40.268Z
sell,9192.01,10.24627742,2018-04-24T03:52:40.298Z
buy,9167.14,0.536045,2018-04-24T03:52:40.299Z
sell,9192.01,12.74627742,2018-04-24T03:52:40.303Z
sell,9194.0,0.001,2018-04-24T03:52:40.305Z
sell,9213.13,0.9129999999999999,2018-04-24T03:52:40.324Z
sell,9192.01,10.24627742,2018-04-24T03:52:40.408Z
sell,9196.01,1.71464472,2018-04-24T03:52:40.410Z
sell,9192.01,10.24527742,2018-04-24T03:52:40.411Z
sell,9192.01,10.24335742,2018-04-24T03:52:40.412Z
sell,9192.01,10.24492742,2018-04-24T03:52:40.413Z
buy,9189.5,0.01,2018-04-24T03:52:40.518Z
buy,9189.5,0.0,2018-04-24T03:52:40.586Z
sell,9192.01,12.74492742,2018-04-24T03:52:40.587Z
sell,9192.01,10.24492742,2018-04-24T03:52:40.614Z
sell,9332.43,0.01082794,2018-04-24T03:52:40.618Z
sell,9332.47,0.001,2018-04-24T03:52:40.619Z
sell,9332.47,0.0021,2018-04-24T03:52:40.620Z
sell,9332.47,0.0031,2018-04-24T03:52:40.622Z
sell,19590.03,0.0016,2018-04-24T03:52:40.623Z
sell,9332.47,0.0051,2018-04-24T03:52:40.624Z
sell,9332.47,0.0061,2018-04-24T03:52:40.650Z
sell,9332.47,0.0071,2018-04-24T03:52:40.651Z
sell,9192.01,12.74492742,2018-04-24T03:52:40.729Z
buy,9191.95,0.00712977,2018-04-24T03:52:40.752Z
sell,9332.47,0.0081,2018-04-24T03:52:40.753Z
buy,9189.44,0.01,2018-04-24T03:52:40.827Z
sell,9193.99,0.00266476,2018-04-24T03:52:40.844Z
sell,9192.01,10.24492742,2018-04-24T03:52:40.906Z
sell,9310.18,0.04478,2018-04-24T03:52:40.939Z
sell,9291.6,0.0,2018-04-24T03:52:40.940Z
buy,9190.0,3.56574618,2018-04-24T03:52:40.941Z
sell,9196.0,0.001,2018-04-24T03:52:40.942Z
buy,9189.44,0.0,2018-04-24T03:52:40.965Z
sell,9347.46,0.64836,2018-04-24T03:52:40.967Z
sell,9192.01,7.74492742,2018-04-24T03:52:40.969Z
sell,9213.13,0.013000000000000001,2018-04-24T03:52:40.970Z
buy,9167.14,0.0,2018-04-24T03:52:40.971Z
sell,9213.14,0.9,2018-04-24T03:52:40.972Z
buy,9167.15,0.536045,2018-04-24T03:52:40.973Z
sell,9192.01,10.24492742,2018-04-24T03:52:41.110Z
sell,9213.14,0.0,2018-04-24T03:52:41.111Z
buy,9167.15,0.0,2018-04-24T03:52:41.112Z
sell,9213.13,0.9129999999999999,2018-04-24T03:52:41.118Z
buy,9167.14,0.536045,2018-04-24T03:52:41.120Z
sell,9192.01,12.74492742,2018-04-24T03:52:41.123Z
sell,9347.46,0.0,2018-04-24T03:52:41.142Z
sell,9310.18,0.64836,2018-04-24T03:52:41.162Z
sell,9291.6,0.04481,2018-04-24T03:52:41.164Z
sell,9192.01,12.80492742,2018-04-24T03:52:41.195Z
buy,9189.25,0.01,2018-04-24T03:52:41.241Z
sell,9192.01,12.80685742,2018-04-24T03:52:41.242Z
buy,9189.25,0.0,2018-04-24T03:52:41.484Z
sell,9192.01,10.30685742,2018-04-24T03:52:41.485Z
sell,9192.01,10.30528742,2018-04-24T03:52:41.486Z
sell,9213.51,0.0,2018-04-24T03:52:41.502Z
sell,9192.01,12.80528742,2018-04-24T03:52:41.545Z
sell,9213.49,0.005,2018-04-24T03:52:41.546Z
buy,9189.72,0.01,2018-04-24T03:52:41.549Z
sell,9192.01,10.30528742,2018-04-24T03:52:41.598Z
buy,9189.72,0.0,2018-04-24T03:52:41.599Z
sell,9310.18,0.04478,2018-04-24T03:52:41.627Z
sell,9291.6,0.0,2018-04-24T03:52:41.628Z
sell,9347.46,0.64836,2018-04-24T03:52:41.693Z
sell,9192.01,7.80528742,2018-04-24T03:52:41.697Z
buy,9167.14,0.0,2018-04-24T03:52:41.725Z
buy,9167.15,0.536045,2018-04-24T03:52:41.727Z
sell,9213.13,0.013000000000000001,2018-04-24T03:52:41.728Z
sell,9213.14,0.9,2018-04-24T03:52:41.730Z
buy,9192.0,1.40336405,2018-04-24T03:52:41.852Z
sell,9347.46,0.0,2018-04-24T03:52:42.125Z
sell,9291.6,0.04481,2018-04-24T03:52:42.146Z
sell,9310.18,0.64836,2018-04-24T03:52:42.147Z
buy,9190.0,2.52934669,2018-04-24T03:52:42.191Z
buy,9187.0,0.001,2018-04-24T03:52:42.194Z
sell,9192.01,10.30528742,2018-04-24T03:52:42.245Z
buy,9167.15,0.0,2018-04-24T03:52:42.246Z
buy,9167.14,0.536045,2018-04-24T03:52:42.281Z
sell,9213.14,0.0,2018-04-24T03:52:42.349Z
sell,9213.13,0.9129999999999999,2018-04-24T03:52:42.354Z
sell,9192.01,7.80528742,2018-04-24T03:52:42.355Z
sell,9213.13,0.013000000000000001,2018-04-24T03:52:42.382Z
sell,9213.14,0.9,2018-04-24T03:52:42.384Z
sell,9192.01,7.80335742,2018-04-24T03:52:42.384Z
buy,9167.14,0.0,2018-04-24T03:52:42.385Z
buy,9167.15,0.536045,2018-04-24T03:52:42.388Z
sell,9192.01,7.80459742,2018-04-24T03:52:42.389Z
sell,9310.18,0.04478,2018-04-24T03:52:43.649Z
sell,9291.6,0.0,2018-04-24T03:52:43.651Z
buy,9019.36,0.004,2018-04-24T03:52:43.652Z
sell,9347.46,0.64836,2018-04-24T03:52:43.653Z
buy,9140.72,0.0,2018-04-24T03:52:43.992Z
sell,9192.01,10.30459742,2018-04-24T03:52:43.999Z
sell,9213.14,0.0,2018-04-24T03:52:44.034Z
sell,9196.01,1.71132809,2018-04-24T03:52:44.035Z
sell,9213.13,0.9129999999999999,2018-04-24T03:52:44.036Z
sell,9192.01,10.30335742,2018-04-24T03:52:44.039Z
sell,9193.98,0.00190313,2018-04-24T03:52:44.040Z
sell,9192.01,10.30437742,2018-04-24T03:52:44.043Z
sell,9210.38,2.171,2018-04-24T03:52:44.084Z
sell,9214.97,0.0,2018-04-24T03:52:44.085Z
buy,9167.15,0.0,2018-04-24T03:52:44.086Z
sell,9192.01,7.80437742,2018-04-24T03:52:44.088Z
sell,9213.13,0.013000000000000001,2018-04-24T03:52:44.090Z
sell,9213.14,0.9,2018-04-24T03:52:44.094Z
sell,9192.01,10.30437742,2018-04-24T03:52:44.095Z
sell,9214.97,0.9,2018-04-24T03:52:44.110Z
sell,9213.14,0.0,2018-04-24T03:52:44.111Z
buy,9167.15,0.536045,2018-04-24T03:52:44.113Z
sell,9210.38,3.071,2018-04-24T03:52:44.154Z
sell,9213.13,0.9129999999999999,2018-04-24T03:52:44.158Z
buy,9167.15,0.0,2018-04-24T03:52:44.221Z
buy,9167.14,0.536045,2018-04-24T03:52:44.225Z
sell,9210.38,2.171,2018-04-24T03:52:44.250Z
sell,9213.13,0.013000000000000001,2018-04-24T03:52:44.250Z
sell,9195.01,2.0040781,2018-04-24T03:52:44.253Z
sell,9192.01,10.30592742,2018-04-24T03:52:44.255Z
sell,9210.38,3.071,2018-04-24T03:52:44.287Z
sell,9213.13,0.9129999999999999,2018-04-24T03:52:44.288Z
sell,9275.15,0.12372999999999999,2018-04-24T03:52:44.541Z
sell,9275.15,0.10311,2018-04-24T03:52:44.543Z
sell,9275.15,0.11850999999999999,2018-04-24T03:52:44.548Z
buy,9138.87,6.43,2018-04-24T03:52:44.599Z
sell,9204.94,0.0,2018-04-24T03:52:45.752Z
buy,9172.76,0.0,2018-04-24T03:52:45.774Z
sell,9204.94,0.5,2018-04-24T03:52:45.778Z
buy,9172.51,0.5,2018-04-24T03:52:45.796Z
sell,9192.01,10.30490742,2018-04-24T03:52:45.834Z
sell,9204.94,0.0,2018-04-24T03:52:45.888Z
buy,9172.51,0.0,2018-04-24T03:52:45.889Z
sell,9205.19,0.5,2018-04-24T03:52:45.921Z
buy,9172.76,0.5,2018-04-24T03:52:45.923Z
sell,9192.01,7.80490742,2018-04-24T03:52:46.151Z
sell,9213.13,0.013000000000000001,2018-04-24T03:52:46.154Z
buy,9167.14,0.0,2018-04-24T03:52:46.155Z
sell,9194.88,0.00270564,2018-04-24T03:52:46.158Z
sell,9192.01,5.30490742,2018-04-24T03:52:46.159Z
sell,9213.14,0.9,2018-04-24T03:52:46.160Z
sell,9194.89,0.00333189,2018-04-24T03:52:46.161Z
buy,9167.15,0.536045,2018-04-24T03:52:46.163Z
sell,9214.97,0.0,2018-04-24T03:52:46.164Z
buy,9192.0,2.40336405,2018-04-24T03:52:46.167Z
sell,9214.98,0.9,2018-04-24T03:52:46.170Z
sell,9210.38,2.171,2018-04-24T03:52:46.171Z
sell,9210.39,0.9,2018-04-24T03:52:46.191Z
sell,9210.38,1.271,2018-04-24T03:52:46.192Z
sell,9210.39,1.8,2018-04-24T03:52:46.194Z
sell,9198.12,0.0,2018-04-24T03:52:46.198Z
buy,9192.0,4.90336405,2018-04-24T03:52:46.201Z
buy,9180.96,5.36,2018-04-24T03:52:46.202Z
buy,9167.15,0.0,2018-04-24T03:52:46.222Z
sell,9214.98,0.0,2018-04-24T03:52:46.223Z
sell,9214.99,0.9,2018-04-24T03:52:46.226Z
buy,9167.16,0.536045,2018-04-24T03:52:46.227Z
sell,9213.14,0.0,2018-04-24T03:52:46.228Z
buy,9147.73,0.0,2018-04-24T03:52:46.361Z
buy,9192.0,4.90140405,2018-04-24T03:52:46.376Z
sell,9230.95,5.0,2018-04-24T03:52:46.513Z
buy,9192.0,4.90290405,2018-04-24T03:52:46.515Z
sell,9213.15,0.9,2018-04-24T03:52:46.517Z
buy,9188.0,3.0010000000000003,2018-04-24T03:52:46.524Z
buy,9192.0,2.40290405,2018-04-24T03:52:46.781Z
sell,9214.99,0.0,2018-04-24T03:52:46.800Z
sell,9214.98,0.9,2018-04-24T03:52:46.802Z
sell,9213.15,0.0,2018-04-24T03:52:46.803Z
buy,9167.16,0.0,2018-04-24T03:52:46.804Z
buy,9167.15,0.536045,2018-04-24T03:52:46.807Z
buy,9192.0,2.39290405,2018-04-24T03:52:46.831Z
sell,9213.14,0.9,2018-04-24T03:52:46.833Z
sell,9205.19,0.0,2018-04-24T03:52:47.107Z
sell,9204.94,0.5,2018-04-24T03:52:47.144Z
sell,9196.01,1.70942537,2018-04-24T03:52:47.149Z
sell,9193.97,0.00114189,2018-04-24T03:52:47.190Z
buy,9192.0,4.89290405,2018-04-24T03:52:47.219Z
sell,9214.98,0.0,2018-04-24T03:52:47.252Z
buy,9167.15,0.0,2018-04-24T03:52:47.253Z
sell,9213.14,0.0,2018-04-24T03:52:47.255Z
buy,9167.16,0.536045,2018-04-24T03:52:47.257Z
sell,9213.15,0.9,2018-04-24T03:52:47.258Z
sell,9214.99,0.9,2018-04-24T03:52:47.260Z
sell,9192.01,5.24490742,2018-04-24T03:52:47.461Z
sell,9195.0,2.001,2018-04-24T03:52:47.488Z
buy,9192.0,4.89471405,2018-04-24T03:52:47.490Z
sell,9275.15,0.10311,2018-04-24T03:52:47.536Z
sell,9275.15,0.11574000000000001,2018-04-24T03:52:47.559Z
buy,8272.8,0.01,2018-04-24T03:52:47.840Z
buy,9192.0,4.89321405,2018-04-24T03:52:47.843Z
sell,9276.0,0.1025,2018-04-24T03:52:47.864Z
buy,9059.5,0.0,2018-04-24T03:52:47.896Z
sell,9309.0,0.11979791,2018-04-24T03:52:47.900Z
sell,9193.97,0.00264189,2018-04-24T03:52:47.901Z
buy,9191.16,0.0015,2018-04-24T03:52:47.904Z
buy,9125.02,0.0015,2018-04-24T03:52:47.936Z
buy,9157.99,0.0015,2018-04-24T03:52:47.937Z
sell,9193.97,0.00114189,2018-04-24T03:52:48.242Z
buy,9190.06,0.01,2018-04-24T03:52:48.243Z
buy,9125.02,0.0,2018-04-24T03:52:48.257Z
sell,9277.0,10.66664352,2018-04-24T03:52:48.259Z
sell,9243.97,0.0015,2018-04-24T03:52:48.260Z
buy,9092.5,0.0,2018-04-24T03:52:48.271Z
buy,9157.99,0.0,2018-04-24T03:52:48.272Z
buy,9191.16,0.0,2018-04-24T03:52:48.273Z
buy,9059.5,0.0015,2018-04-24T03:52:48.279Z
sell,9196.01,1.70828361,2018-04-24T03:52:48.280Z
sell,9193.96,0.0011419,2018-04-24T03:52:48.311Z
buy,9174.9,0.0054,2018-04-24T03:52:48.360Z
sell,9243.97,0.0,2018-04-24T03:52:48.377Z
buy,9059.5,0.0,2018-04-24T03:52:48.403Z
sell,9194.89,0.00483189,2018-04-24T03:52:48.412Z
buy,9191.16,0.0015,2018-04-24T03:52:48.415Z
buy,9157.99,0.0015,2018-04-24T03:52:48.418Z
buy,9191.15,0.0010400000000000001,2018-04-24T03:52:48.420Z
buy,9125.02,0.0015,2018-04-24T03:52:48.431Z
buy,9191.2,1.08746,2018-04-24T03:52:48.433Z
buy,9092.5,0.0015,2018-04-24T03:52:48.436Z
sell,9194.89,0.00333189,2018-04-24T03:52:48.494Z
buy,9190.08,10.62072659,2018-04-24T03:52:48.551Z
sell,9194.9,1.09405149,2018-04-24T03:52:48.552Z
buy,9191.15,0.0,2018-04-24T03:52:48.554Z
sell,9196.0,0.401,2018-04-24T03:52:48.572Z
buy,9157.99,0.0,2018-04-24T03:52:48.791Z
buy,9190.08,10.62262659,2018-04-24T03:52:48.805Z
sell,9276.0,0.10099999999999999,2018-04-24T03:52:48.813Z
buy,9125.02,0.0,2018-04-24T03:52:48.818Z
buy,9191.16,0.0,2018-04-24T03:52:48.820Z
buy,9092.5,0.0,2018-04-24T03:52:48.821Z
sell,9194.89,0.00483189,2018-04-24T03:52:48.831Z
buy,9059.5,0.0015,2018-04-24T03:52:48.833Z
sell,9243.97,0.0015,2018-04-24T03:52:48.872Z
buy,9191.21,0.0015,2018-04-24T03:52:48.875Z
buy,9157.99,0.0015,2018-04-24T03:52:48.885Z
sell,9194.89,0.00333189,2018-04-24T03:52:48.920Z
buy,9191.21,0.0,2018-04-24T03:52:48.936Z
sell,9243.97,0.0,2018-04-24T03:52:49.008Z
buy,9125.02,0.0015,2018-04-24T03:52:49.175Z
buy,9092.5,0.0015,2018-04-24T03:52:49.180Z
sell,10111.22,0.01,2018-04-24T03:52:49.183Z
buy,9190.06,0.011040000000000001,2018-04-24T03:52:49.188Z
sell,9309.0,0.11829791,2018-04-24T03:52:49.206Z
buy,9125.02,0.0,2018-04-24T03:52:49.212Z
sell,9194.89,0.00483189,2018-04-24T03:52:49.221Z
buy,9191.21,0.0015,2018-04-24T03:52:49.231Z
sell,9243.97,0.0015,2018-04-24T03:52:49.257Z
sell,9210.0,16.24959653,2018-04-24T03:52:49.261Z
sell,9194.89,0.00333189,2018-04-24T03:52:49.272Z
buy,9157.99,0.0,2018-04-24T03:52:49.288Z
buy,9191.21,0.0,2018-04-24T03:52:49.290Z
sell,9243.37,0.0015,2018-04-24T03:52:49.317Z
buy,9125.02,0.0015,2018-04-24T03:52:49.320Z
sell,9243.97,0.0,2018-04-24T03:52:49.341Z
sell,9210.0,16.24809653,2018-04-24T03:52:49.347Z
sell,9309.0,0.11979791,2018-04-24T03:52:49.374Z
buy,9092.5,0.0,2018-04-24T03:52:49.383Z
buy,9191.21,0.0015,2018-04-24T03:52:49.393Z
sell,9194.89,0.00483189,2018-04-24T03:52:49.398Z
sell,9243.37,0.0,2018-04-24T03:52:49.399Z
buy,9157.99,0.0015,2018-04-24T03:52:49.403Z
buy,9192.0,2.39321405,2018-04-24T03:52:49.406Z
sell,9214.99,0.0,2018-04-24T03:52:49.413Z
buy,9167.16,0.0,2018-04-24T03:52:49.414Z
sell,9213.15,0.0,2018-04-24T03:52:49.415Z
sell,9243.97,0.0015,2018-04-24T03:52:49.417Z
sell,9214.98,0.9,2018-04-24T03:52:49.421Z
buy,9190.09,0.5516,2018-04-24T03:52:49.422Z
sell,9213.14,0.9,2018-04-24T03:52:49.465Z
buy,9167.15,0.536045,2018-04-24T03:52:49.467Z
buy,9190.06,0.01,2018-04-24T03:52:49.468Z
sell,9194.89,0.00333189,2018-04-24T03:52:49.468Z
sell,9210.0,16.24959653,2018-04-24T03:52:49.505Z
buy,9125.02,0.0,2018-04-24T03:52:49.506Z
buy,9191.21,0.0,2018-04-24T03:52:49.507Z
buy,9157.99,0.0,2018-04-24T03:52:49.508Z
buy,9092.5,0.0015,2018-04-24T03:52:49.510Z
sell,9194.0,0.00244,2018-04-24T03:52:49.511Z
sell,9275.15,0.10311,2018-04-24T03:52:49.546Z
sell,9275.15,0.11406,2018-04-24T03:52:49.550Z
buy,9190.09,0.0,2018-04-24T03:52:49.568Z
sell,9210.0,16.24809653,2018-04-24T03:52:49.582Z
sell,9243.97,0.0,2018-04-24T03:52:49.590Z
buy,9192.0,2.34570575,2018-04-24T03:52:49.596Z
sell,9276.0,0.1025,2018-04-24T03:52:49.604Z
buy,9092.5,0.0,2018-04-24T03:52:49.608Z
sell,9194.89,0.00483189,2018-04-24T03:52:49.613Z
buy,9191.21,0.0015,2018-04-24T03:52:49.617Z
buy,9157.99,0.0015,2018-04-24T03:52:49.620Z
buy,9125.02,0.0015,2018-04-24T03:52:49.645Z
sell,9192.01,7.74490742,2018-04-24T03:52:49.661Z
sell,9210.39,0.9,2018-04-24T03:52:49.666Z
sell,9210.38,2.171,2018-04-24T03:52:49.712Z
sell,9210.39,0.0,2018-04-24T03:52:49.713Z
sell,9210.38,3.071,2018-04-24T03:52:49.715Z
buy,8997.0,0.079,2018-04-24T03:52:49.774Z
sell,9192.01,7.74335742,2018-04-24T03:52:49.775Z
sell,9192.01,5.24335742,2018-04-24T03:52:49.779Z
sell,9210.38,2.171,2018-04-24T03:52:49.782Z
sell,9210.38,1.271,2018-04-24T03:52:49.783Z
sell,9192.01,5.24451742,2018-04-24T03:52:49.785Z
sell,9210.39,0.9,2018-04-24T03:52:49.788Z
sell,9210.39,1.8,2018-04-24T03:52:49.794Z
sell,9194.89,0.00333189,2018-04-24T03:52:49.811Z
sell,9210.0,16.24959653,2018-04-24T03:52:49.839Z
buy,9125.02,0.0,2018-04-24T03:52:49.844Z
buy,9191.21,0.0,2018-04-24T03:52:49.845Z
buy,9157.99,0.0,2018-04-24T03:52:49.846Z
buy,9192.0,4.84570575,2018-04-24T03:52:49.851Z
buy,9167.15,0.0,2018-04-24T03:52:49.858Z
sell,9214.98,0.0,2018-04-24T03:52:49.859Z
sell,9213.14,0.0,2018-04-24T03:52:49.860Z
buy,9092.5,0.0015,2018-04-24T03:52:49.862Z
buy,9192.0,2.34570575,2018-04-24T03:52:49.863Z
sell,9213.15,0.9,2018-04-24T03:52:49.868Z
buy,9167.16,0.536045,2018-04-24T03:52:49.870Z
sell,9214.99,0.9,2018-04-24T03:52:49.872Z
buy,9167.16,0.0,2018-04-24T03:52:49.873Z
sell,9214.99,0.0,2018-04-24T03:52:49.875Z
buy,7000.0,252.38413058,2018-04-24T03:52:49.877Z
buy,9192.0,4.84570575,2018-04-24T03:52:49.885Z
buy,9167.15,0.536045,2018-04-24T03:52:49.891Z
buy,9192.0,2.34570575,2018-04-24T03:52:49.892Z
buy,9167.15,0.0,2018-04-24T03:52:49.893Z
sell,9214.98,0.9,2018-04-24T03:52:49.896Z
sell,9213.15,0.0,2018-04-24T03:52:49.898Z
sell,9214.98,0.0,2018-04-24T03:52:49.899Z
sell,9213.14,0.9,2018-04-24T03:52:49.905Z
buy,9192.0,4.84570575,2018-04-24T03:52:49.907Z
sell,9276.0,0.10099999999999999,2018-04-24T03:52:49.911Z
sell,9214.99,0.9,2018-04-24T03:52:49.913Z
buy,9192.0,2.34570575,2018-04-24T03:52:49.915Z
buy,9167.16,0.536045,2018-04-24T03:52:49.917Z
sell,9214.99,0.0,2018-04-24T03:52:49.918Z
buy,9092.5,0.0,2018-04-24T03:52:49.923Z
buy,9167.16,0.0,2018-04-24T03:52:49.925Z
sell,9214.98,0.9,2018-04-24T03:52:49.930Z
buy,9167.15,0.536045,2018-04-24T03:52:49.939Z
sell,9210.0,16.24809653,2018-04-24T03:52:49.940Z
buy,9191.21,0.0015,2018-04-24T03:52:49.944Z
sell,9194.89,0.00483189,2018-04-24T03:52:49.946Z
buy,9157.99,0.0015,2018-04-24T03:52:49.950Z
buy,9125.02,0.0015,2018-04-24T03:52:49.953Z
buy,9059.5,0.0,2018-04-24T03:52:49.993Z
sell,9276.0,0.1025,2018-04-24T03:52:50.010Z
buy,9186.46,0.0,2018-04-24T03:52:50.012Z
buy,9092.5,0.0015,2018-04-24T03:52:50.014Z
buy,9191.95,0.00864977,2018-04-24T03:52:50.016Z
sell,9193.99,0.00378476,2018-04-24T03:52:50.053Z
buy,9182.71,0.001,2018-04-24T03:52:50.088Z
sell,9194.89,0.00333189,2018-04-24T03:52:50.089Z
sell,9210.0,16.24959653,2018-04-24T03:52:50.130Z
buy,9092.5,0.0,2018-04-24T03:52:50.131Z
buy,9191.21,0.0,2018-04-24T03:52:50.131Z
buy,9157.99,0.0,2018-04-24T03:52:50.145Z
buy,9125.02,0.0,2018-04-24T03:52:50.146Z
sell,9210.0,16.24809653,2018-04-24T03:52:50.189Z
buy,9059.5,0.0015,2018-04-24T03:52:50.193Z
sell,9276.0,0.10099999999999999,2018-04-24T03:52:50.195Z
buy,9191.21,0.0015,2018-04-24T03:52:50.230Z
buy,9158.12,0.0015,2018-04-24T03:52:50.248Z
buy,9125.02,0.0015,2018-04-24T03:52:50.257Z
sell,9309.0,0.11829791,2018-04-24T03:52:50.276Z
buy,9158.12,0.0,2018-04-24T03:52:50.302Z
buy,9191.21,0.0,2018-04-24T03:52:50.303Z
sell,9194.89,0.00483189,2018-04-24T03:52:50.307Z
sell,9210.0,16.24959653,2018-04-24T03:52:50.342Z
buy,9125.02,0.0,2018-04-24T03:52:50.345Z
buy,9157.99,0.0015,2018-04-24T03:52:50.347Z
sell,9243.97,0.0015,2018-04-24T03:52:50.350Z
buy,9092.5,0.0015,2018-04-24T03:52:50.355Z
sell,9210.0,16.24809653,2018-04-24T03:52:50.360Z
sell,9194.89,0.00333189,2018-04-24T03:52:50.373Z
buy,9192.0,4.84570575,2018-04-24T03:52:50.375Z
sell,9243.37,0.0015,2018-04-24T03:52:50.378Z
sell,9214.98,0.0,2018-04-24T03:52:50.379Z
sell,9213.14,0.0,2018-04-24T03:52:50.380Z
sell,9214.99,0.9,2018-04-24T03:52:50.392Z
sell,9309.0,0.11979791,2018-04-24T03:52:50.396Z
sell,9213.15,0.9,2018-04-24T03:52:50.398Z
buy,9167.16,0.536045,2018-04-24T03:52:50.399Z
buy,9191.21,0.0015,2018-04-24T03:52:50.401Z
buy,9167.15,0.0,2018-04-24T03:52:50.405Z
sell,9196.01,1.7062718999999997,2018-04-24T03:52:50.453Z
sell,9243.97,0.0,2018-04-24T03:52:50.458Z
sell,9193.95,0.00146821,2018-04-24T03:52:50.464Z
buy,9157.99,0.0,2018-04-24T03:52:50.472Z
sell,9210.0,16.24959653,2018-04-24T03:52:50.508Z
buy,9125.02,0.0015,2018-04-24T03:52:50.511Z
sell,9243.37,0.0,2018-04-24T03:52:50.515Z
buy,9192.0,4.84389575,2018-04-24T03:52:50.519Z
buy,9192.0,4.84552575,2018-04-24T03:52:50.522Z
sell,9194.89,0.00201189,2018-04-24T03:52:50.524Z
sell,9243.97,0.0015,2018-04-24T03:52:50.533Z
sell,9309.0,0.11829791,2018-04-24T03:52:50.541Z
sell,9192.01,5.24643794,2018-04-24T03:52:50.557Z
buy,9191.21,0.0,2018-04-24T03:52:50.558Z
buy,9157.99,0.0015,2018-04-24T03:52:50.568Z
sell,9210.0,16.24809653,2018-04-24T03:52:50.573Z
sell,9276.0,0.1025,2018-04-24T03:52:50.582Z
buy,9019.36,0.003,2018-04-24T03:52:50.766Z
sell,9243.97,0.0,2018-04-24T03:52:50.789Z
buy,9019.38,0.004,2018-04-24T03:52:50.791Z
sell,9276.0,0.10099999999999999,2018-04-24T03:52:50.794Z
buy,9189.33,0.0,2018-04-24T03:52:50.796Z
sell,9309.0,0.11979791,2018-04-24T03:52:50.809Z
buy,9190.06,0.01188,2018-04-24T03:52:50.811Z
buy,9092.5,0.0,2018-04-24T03:52:50.818Z
sell,9194.89,0.00351189,2018-04-24T03:52:50.823Z
buy,9191.21,0.0015,2018-04-24T03:52:50.825Z
sell,9210.0,16.24959653,2018-04-24T03:52:50.833Z
buy,9189.33,1.80484231,2018-04-24T03:52:50.834Z
sell,9194.89,0.00201189,2018-04-24T03:52:50.891Z
buy,9019.37,0.004,2018-04-24T03:52:50.917Z
buy,9125.02,0.0,2018-04-24T03:52:50.918Z
buy,9157.99,0.0,2018-04-24T03:52:50.918Z
buy,9191.21,0.0,2018-04-24T03:52:50.919Z
sell,9276.0,0.1025,2018-04-24T03:52:50.926Z
buy,9092.5,0.0015,2018-04-24T03:52:50.931Z
sell,9210.0,16.24809653,2018-04-24T03:52:50.961Z
sell,9194.89,0.00351189,2018-04-24T03:52:50.984Z
buy,9125.02,0.0015,2018-04-24T03:52:51.010Z
buy,9092.5,0.0,2018-04-24T03:52:51.016Z
sell,9276.0,0.10099999999999999,2018-04-24T03:52:51.039Z
buy,9191.21,0.0015,2018-04-24T03:52:51.045Z
buy,9157.99,0.0015,2018-04-24T03:52:51.048Z
buy,9190.06,0.01,2018-04-24T03:52:51.058Z
sell,9243.97,0.0015,2018-04-24T03:52:51.077Z
buy,9192.0,4.83442575,2018-04-24T03:52:51.092Z
sell,9194.89,0.00201189,2018-04-24T03:52:51.108Z
buy,9157.99,0.0,2018-04-24T03:52:51.116Z
buy,9163.44,0.001,2018-04-24T03:52:51.119Z
buy,9125.02,0.0,2018-04-24T03:52:51.121Z
buy,9191.21,0.0,2018-04-24T03:52:51.122Z
buy,9092.5,0.0015,2018-04-24T03:52:51.129Z
sell,9276.0,0.1025,2018-04-24T03:52:51.132Z
sell,9201.53,0.002,2018-04-24T03:52:51.156Z
sell,9243.97,0.0,2018-04-24T03:52:51.177Z
buy,9092.5,0.0,2018-04-24T03:52:51.196Z
buy,9157.99,0.0015,2018-04-24T03:52:51.203Z
sell,9194.89,0.00351189,2018-04-24T03:52:51.226Z
buy,9125.02,0.0015,2018-04-24T03:52:51.234Z
buy,9059.5,0.0,2018-04-24T03:52:51.238Z
buy,9191.21,0.0015,2018-04-24T03:52:51.245Z
sell,9276.0,0.10099999999999999,2018-04-24T03:52:51.251Z
sell,9194.89,0.00201189,2018-04-24T03:52:51.253Z
buy,9157.99,0.0,2018-04-24T03:52:51.262Z
buy,9092.5,0.0015,2018-04-24T03:52:51.270Z
buy,9125.02,0.0,2018-04-24T03:52:51.283Z
buy,9059.5,0.0015,2018-04-24T03:52:51.286Z
sell,9309.0,0.11829791,2018-04-24T03:52:51.297Z
sell,9243.97,0.0015,2018-04-24T03:52:51.364Z
sell,9210.0,16.24959653,2018-04-24T03:52:51.366Z
sell,9276.0,0.1025,2018-04-24T03:52:51.367Z
buy,9176.73,0.0,2018-04-24T03:52:51.431Z
buy,9176.46,2.0,2018-04-24T03:52:51.479Z
sell,9210.0,16.24809653,2018-04-24T03:52:51.492Z
buy,9191.21,0.0,2018-04-24T03:52:51.511Z
buy,9125.02,0.0015,2018-04-24T03:52:51.523Z
buy,9157.99,0.0015,2018-04-24T03:52:51.529Z
sell,9275.15,0.12905,2018-04-24T03:52:51.534Z
sell,9243.97,0.0,2018-04-24T03:52:51.535Z
sell,9276.0,0.10099999999999999,2018-04-24T03:52:51.536Z
sell,9309.0,0.11979791,2018-04-24T03:52:51.549Z
sell,9210.0,16.24959653,2018-04-24T03:52:51.574Z
sell,9196.01,1.70513039,2018-04-24T03:52:51.582Z
buy,9059.5,0.0,2018-04-24T03:52:51.608Z
sell,9194.89,0.00351189,2018-04-24T03:52:51.618Z
buy,9191.21,0.0015,2018-04-24T03:52:51.621Z
sell,9193.94,0.00114192,2018-04-24T03:52:51.623Z
sell,9309.0,0.11829791,2018-04-24T03:52:51.627Z
buy,9190.06,0.011340000000000001,2018-04-24T03:52:51.652Z
buy,9189.33,0.0,2018-04-24T03:52:51.830Z
sell,9210.0,16.24809653,2018-04-24T03:52:51.834Z
sell,9194.89,0.00201189,2018-04-24T03:52:51.855Z
sell,9243.37,0.0015,2018-04-24T03:52:51.864Z
buy,9189.33,0.71644231,2018-04-24T03:52:51.866Z
sell,9276.0,0.1025,2018-04-24T03:52:51.868Z
buy,9190.06,0.01,2018-04-24T03:52:51.882Z
sell,9194.88,0.00168564,2018-04-24T03:52:51.883Z
buy,9191.21,0.0,2018-04-24T03:52:51.885Z
buy,9092.5,0.0,2018-04-24T03:52:51.886Z
buy,9157.99,0.0,2018-04-24T03:52:51.886Z
buy,9125.02,0.0,2018-04-24T03:52:51.887Z
buy,9059.5,0.0015,2018-04-24T03:52:51.892Z
sell,9309.0,0.11979791,2018-04-24T03:52:51.900Z
sell,9243.37,0.0,2018-04-24T03:52:51.917Z
sell,9194.89,0.00351189,2018-04-24T03:52:51.965Z
buy,9059.5,0.0,2018-04-24T03:52:51.969Z
buy,9125.02,0.0015,2018-04-24T03:52:51.974Z
buy,9092.5,0.0015,2018-04-24T03:52:51.981Z
buy,9191.21,0.0015,2018-04-24T03:52:51.997Z
sell,9194.89,0.00201189,2018-04-24T03:52:52.015Z
buy,9092.5,0.0,2018-04-24T03:52:52.061Z
buy,9125.02,0.0,2018-04-24T03:52:52.063Z
buy,9157.99,0.0015,2018-04-24T03:52:52.064Z
buy,9059.5,0.0015,2018-04-24T03:52:52.073Z
sell,9192.01,5.30643794,2018-04-24T03:52:52.079Z
sell,9243.97,0.0015,2018-04-24T03:52:52.085Z
sell,9276.0,0.10099999999999999,2018-04-24T03:52:52.089Z
buy,9157.99,0.0,2018-04-24T03:52:52.156Z
buy,9191.21,0.0,2018-04-24T03:52:52.161Z
buy,9125.02,0.0015,2018-04-24T03:52:52.171Z
buy,9190.26,2.44724171,2018-04-24T03:52:52.175Z
sell,9276.0,0.1025,2018-04-24T03:52:52.185Z
buy,9059.5,0.0,2018-04-24T03:52:52.244Z
buy,9191.21,0.0015,2018-04-24T03:52:52.275Z
buy,9157.99,0.0015,2018-04-24T03:52:52.279Z
buy,9125.02,0.0,2018-04-24T03:52:52.340Z
buy,9059.5,0.0015,2018-04-24T03:52:52.364Z
sell,10254.55,0.0,2018-04-24T03:52:52.402Z
buy,9191.21,0.0,2018-04-24T03:52:52.420Z
buy,9190.06,0.0113,2018-04-24T03:52:52.433Z
buy,9157.99,0.0,2018-04-24T03:52:52.491Z
buy,9125.02,0.0015,2018-04-24T03:52:52.501Z
buy,9191.21,0.0015,2018-04-24T03:52:52.508Z
buy,9059.5,0.0,2018-04-24T03:52:52.560Z
buy,9100.0,57.00942953,2018-04-24T03:52:52.565Z
buy,9157.99,0.0015,2018-04-24T03:52:52.586Z
buy,9191.21,0.0,2018-04-24T03:52:52.637Z
buy,9125.02,0.0,2018-04-24T03:52:52.643Z
buy,9059.5,0.0015,2018-04-24T03:52:52.660Z
sell,9987.04,0.0,2018-04-24T03:52:52.730Z
sell,9196.01,1.7035539000000002,2018-04-24T03:52:52.748Z
sell,9193.93,0.00201197,2018-04-24T03:52:52.781Z
buy,8272.8,0.0,2018-04-24T03:52:52.803Z
buy,9157.99,0.0,2018-04-24T03:52:52.850Z
sell,9999.0,33.85976708,2018-04-24T03:52:52.852Z
buy,9125.02,0.0015,2018-04-24T03:52:52.857Z
buy,9059.5,0.0,2018-04-24T03:52:52.864Z
buy,9191.21,0.0015,2018-04-24T03:52:52.884Z
buy,9157.99,0.0015,2018-04-24T03:52:52.890Z
buy,9191.21,0.0,2018-04-24T03:52:52.945Z
sell,9719.53,0.0,2018-04-24T03:52:52.949Z
buy,9125.02,0.0,2018-04-24T03:52:52.956Z
buy,9059.5,0.0015,2018-04-24T03:52:52.963Z
sell,9205.32,0.0,2018-04-24T03:52:53.024Z
buy,9157.99,0.0,2018-04-24T03:52:53.026Z
sell,9194.0,0.001,2018-04-24T03:52:53.030Z
buy,9191.21,0.0015,2018-04-24T03:52:53.035Z
sell,9193.98,0.00369313,2018-04-24T03:52:53.038Z
buy,9125.02,0.0015,2018-04-24T03:52:53.056Z
buy,9059.5,0.0,2018-04-24T03:52:53.088Z
sell,9452.02,0.0,2018-04-24T03:52:53.117Z
buy,9125.02,0.0,2018-04-24T03:52:53.165Z
buy,9191.21,0.0,2018-04-24T03:52:53.187Z
buy,9157.99,0.0015,2018-04-24T03:52:53.224Z
buy,9059.5,0.0015,2018-04-24T03:52:53.242Z
buy,9157.99,0.0,2018-04-24T03:52:53.268Z
buy,9191.21,0.0015,2018-04-24T03:52:53.295Z
buy,9190.06,0.01,2018-04-24T03:52:53.300Z
buy,9059.5,0.0,2018-04-24T03:52:53.303Z
buy,9157.99,0.0015,2018-04-24T03:52:53.332Z
buy,9125.02,0.0015,2018-04-24T03:52:53.352Z
buy,9191.21,0.0,2018-04-24T03:52:53.379Z
buy,9158.12,0.0015,2018-04-24T03:52:53.401Z
buy,9157.99,0.0,2018-04-24T03:52:53.413Z
buy,9190.08,10.6109,2018-04-24T03:52:53.427Z
buy,9125.03,0.0015,2018-04-24T03:52:53.444Z
buy,9158.12,0.0,2018-04-24T03:52:53.452Z
buy,9125.02,0.0,2018-04-24T03:52:53.475Z
buy,9059.5,0.0015,2018-04-24T03:52:53.484Z
buy,9191.21,0.0015,2018-04-24T03:52:53.488Z
buy,9157.99,0.0015,2018-04-24T03:52:53.503Z
buy,9192.0,17.33442575,2018-04-24T03:52:53.653Z
sell,9213.15,0.0,2018-04-24T03:52:53.656Z
sell,9210.39,0.9,2018-04-24T03:52:53.657Z
buy,9192.0,17.33279575,2018-04-24T03:52:53.658Z
sell,9213.17,0.9,2018-04-24T03:52:53.665Z
buy,9192.0,17.33440575,2018-04-24T03:52:53.667Z
sell,9210.4,0.9,2018-04-24T03:52:53.669Z
buy,9191.21,0.0,2018-04-24T03:52:53.677Z
buy,9125.03,0.0,2018-04-24T03:52:53.700Z
buy,9157.99,0.0,2018-04-24T03:52:53.702Z
buy,9125.02,0.0015,2018-04-24T03:52:53.708Z
buy,9192.0,18.29246675,2018-04-24T03:52:53.853Z
sell,9192.01,5.28816594,2018-04-24T03:52:53.856Z
sell,9196.01,1.70241211,2018-04-24T03:52:53.901Z
buy,9125.02,0.0,2018-04-24T03:52:53.909Z
buy,8916.24,0.090141,2018-04-24T03:52:53.913Z
buy,9190.06,0.01141,2018-04-24T03:52:53.920Z
buy,9191.21,0.0015,2018-04-24T03:52:53.924Z
sell,9193.92,0.00168568,2018-04-24T03:52:53.934Z
buy,9157.99,0.0015,2018-04-24T03:52:53.939Z
buy,9191.21,0.0,2018-04-24T03:52:53.997Z
buy,9125.02,0.0015,2018-04-24T03:52:54.028Z
sell,10111.22,0.0,2018-04-24T03:52:54.104Z
sell,9210.39,0.0,2018-04-24T03:52:54.120Z
buy,9167.16,0.0,2018-04-24T03:52:54.121Z
sell,9214.99,0.0,2018-04-24T03:52:54.122Z
sell,9215.0,10.901,2018-04-24T03:52:54.135Z
buy,9167.18,0.536045,2018-04-24T03:52:54.160Z
sell,9210.4,1.8,2018-04-24T03:52:54.162Z
buy,9157.99,0.0,2018-04-24T03:52:54.163Z
sell,9193.99,0.00266476,2018-04-24T03:52:54.168Z
buy,9191.21,0.0015,2018-04-24T03:52:54.171Z
buy,9125.02,0.0,2018-04-24T03:52:54.206Z
buy,9157.99,0.0015,2018-04-24T03:52:54.226Z
buy,9189.33,0.0,2018-04-24T03:52:54.280Z
buy,9191.21,0.0,2018-04-24T03:52:54.305Z
buy,9189.33,0.17224231,2018-04-24T03:52:54.318Z
buy,9157.99,0.0,2018-04-24T03:52:54.323Z
buy,9125.02,0.0015,2018-04-24T03:52:54.331Z
buy,9191.21,0.0015,2018-04-24T03:52:54.384Z
buy,8200.0,27.53234559,2018-04-24T03:52:54.418Z
buy,9190.06,0.01,2018-04-24T03:52:54.451Z
sell,9202.07,0.02619103,2018-04-24T03:52:54.749Z
buy,9191.21,0.0,2018-04-24T03:52:54.793Z
buy,9157.99,0.0015,2018-04-24T03:52:54.831Z
sell,9196.01,1.70127047,2018-04-24T03:52:55.048Z
buy,8701.22,0.0141,2018-04-24T03:52:55.057Z
buy,9183.41,0.001,2018-04-24T03:52:55.061Z
sell,9193.91,0.00212093,2018-04-24T03:52:55.076Z
buy,9157.99,0.0,2018-04-24T03:52:55.090Z
buy,9191.21,0.0015,2018-04-24T03:52:55.106Z
buy,9190.06,0.01146,2018-04-24T03:52:55.159Z
buy,9189.33,0.0,2018-04-24T03:52:55.256Z
buy,9191.21,0.0,2018-04-24T03:52:55.285Z
buy,9189.33,0.06851779,2018-04-24T03:52:55.294Z
buy,9157.99,0.0015,2018-04-24T03:52:55.352Z
sell,9193.98,0.00190313,2018-04-24T03:52:55.392Z
buy,9157.99,0.0,2018-04-24T03:52:55.431Z
buy,9191.21,0.0015,2018-04-24T03:52:55.470Z
sell,9200.6,0.001,2018-04-24T03:52:55.660Z
buy,9190.06,0.01,2018-04-24T03:52:55.666Z
buy,9191.0,4.84339418,2018-04-24T03:52:56.018Z
buy,9191.21,0.0,2018-04-24T03:52:56.079Z
buy,9157.99,0.0015,2018-04-24T03:52:56.096Z
sell,9196.55,0.0,2018-04-24T03:52:56.501Z
buy,9190.06,0.01145,2018-04-24T03:52:56.519Z
sell,9193.97,0.00314189,2018-04-24T03:52:56.521Z
buy,9157.99,0.0,2018-04-24T03:52:56.537Z
sell,9213.49,0.0,2018-04-24T03:52:56.545Z
buy,9191.21,0.0015,2018-04-24T03:52:56.565Z
sell,9213.51,0.005,2018-04-24T03:52:56.575Z
buy,9059.5,0.0,2018-04-24T03:52:56.616Z
buy,9157.99,0.0015,2018-04-24T03:52:56.641Z
sell,9193.9,0.00146826,2018-04-24T03:52:56.643Z
buy,9157.99,0.0,2018-04-24T03:52:56.674Z
buy,9125.02,0.0,2018-04-24T03:52:56.696Z
buy,9191.21,0.0,2018-04-24T03:52:56.712Z
buy,9059.5,0.0015,2018-04-24T03:52:56.718Z
buy,9157.99,0.0015,2018-04-24T03:52:56.763Z
sell,9193.97,0.00114189,2018-04-24T03:52:56.772Z
buy,9190.0,2.47734887,2018-04-24T03:52:56.810Z
buy,9157.99,0.0,2018-04-24T03:52:56.884Z
buy,9191.21,0.0015,2018-04-24T03:52:56.904Z
buy,9125.02,0.0015,2018-04-24T03:52:56.935Z
sell,9192.01,5.22816594,2018-04-24T03:52:57.148Z
buy,9190.06,0.01,2018-04-24T03:52:57.150Z
buy,9191.21,0.0,2018-04-24T03:52:57.174Z
buy,9157.99,0.0015,2018-04-24T03:52:57.208Z
sell,9196.01,1.68962047,2018-04-24T03:52:57.342Z
buy,9125.02,0.0,2018-04-24T03:52:57.372Z
buy,9191.21,0.0015,2018-04-24T03:52:57.385Z
buy,9191.21,0.0,2018-04-24T03:52:57.414Z
buy,9190.06,0.0115,2018-04-24T03:52:57.427Z
sell,9193.96,0.0030419,2018-04-24T03:52:57.431Z
buy,9157.99,0.0,2018-04-24T03:52:57.434Z
buy,9125.02,0.0015,2018-04-24T03:52:57.443Z
buy,9059.5,0.0,2018-04-24T03:52:57.501Z
buy,9191.21,0.0015,2018-04-24T03:52:57.509Z
buy,9125.02,0.0,2018-04-24T03:52:57.721Z
buy,9059.5,0.0015,2018-04-24T03:52:57.732Z
buy,9191.21,0.0,2018-04-24T03:52:57.744Z
buy,9158.12,0.0015,2018-04-24T03:52:57.751Z
buy,9059.5,0.0,2018-04-24T03:52:57.756Z
buy,9125.02,0.0015,2018-04-24T03:52:57.764Z
buy,8949.51,0.0,2018-04-24T03:52:57.766Z
buy,9191.2,1.08917,2018-04-24T03:52:57.770Z
buy,8950.33,0.1,2018-04-24T03:52:57.772Z
buy,9158.12,0.0,2018-04-24T03:52:57.773Z
buy,9191.21,0.0015,2018-04-24T03:52:57.780Z
buy,9125.03,0.0015,2018-04-24T03:52:57.795Z
buy,9125.02,0.0,2018-04-24T03:52:57.799Z
buy,9059.5,0.0015,2018-04-24T03:52:57.801Z
sell,9196.01,1.68793513,2018-04-24T03:52:57.803Z
sell,9193.89,0.001577,2018-04-24T03:52:57.830Z
buy,9192.0,18.34445326,2018-04-24T03:52:57.911Z
buy,9191.21,0.0,2018-04-24T03:52:57.922Z
buy,9125.03,0.0,2018-04-24T03:52:57.923Z
buy,9125.02,0.0015,2018-04-24T03:52:57.928Z
sell,9193.96,0.0011419,2018-04-24T03:52:57.937Z
buy,9059.5,0.0,2018-04-24T03:52:57.958Z
buy,9157.99,0.0015,2018-04-24T03:52:57.985Z
buy,9125.02,0.0,2018-04-24T03:52:58.002Z
sell,9192.1,0.2,2018-04-24T03:52:58.015Z
buy,9157.99,0.0,2018-04-24T03:52:58.055Z
buy,9191.21,0.0015,2018-04-24T03:52:58.067Z
sell,9243.97,0.0,2018-04-24T03:52:58.076Z
buy,9059.5,0.0015,2018-04-24T03:52:58.086Z
buy,9157.99,0.0015,2018-04-24T03:52:58.113Z
sell,9309.0,0.11829791,2018-04-24T03:52:58.144Z
sell,9192.09,0.0015,2018-04-24T03:52:58.173Z
sell,9192.09,0.0,2018-04-24T03:52:58.206Z
buy,9190.06,0.01,2018-04-24T03:52:58.213Z
buy,9157.99,0.0,2018-04-24T03:52:58.227Z
buy,9191.21,0.0,2018-04-24T03:52:58.229Z
buy,9125.02,0.0015,2018-04-24T03:52:58.237Z
sell,9243.97,0.0015,2018-04-24T03:52:58.251Z
sell,9276.0,0.10099999999999999,2018-04-24T03:52:58.272Z
sell,9309.0,0.11979791,2018-04-24T03:52:58.307Z
sell,9243.97,0.0,2018-04-24T03:52:58.345Z
buy,9059.5,0.0,2018-04-24T03:52:58.365Z
sell,9192.09,0.0015,2018-04-24T03:52:58.374Z
buy,9191.21,0.0015,2018-04-24T03:52:58.379Z
buy,9157.99,0.0015,2018-04-24T03:52:58.400Z
buy,9191.21,0.0,2018-04-24T03:52:58.410Z
buy,9125.02,0.0,2018-04-24T03:52:58.412Z
sell,9309.0,0.11829791,2018-04-24T03:52:58.413Z
sell,9276.0,0.1025,2018-04-24T03:52:58.419Z
buy,9059.5,0.0015,2018-04-24T03:52:58.422Z
sell,9192.09,0.0,2018-04-24T03:52:58.454Z
sell,9243.97,0.0015,2018-04-24T03:52:58.475Z
sell,9276.0,0.10099999999999999,2018-04-24T03:52:58.480Z
buy,9059.5,0.0,2018-04-24T03:52:58.494Z
sell,9309.0,0.11979791,2018-04-24T03:52:58.502Z
buy,9191.21,0.0015,2018-04-24T03:52:58.506Z
buy,9157.99,0.0,2018-04-24T03:52:58.509Z
buy,9190.06,0.01139,2018-04-24T03:52:58.518Z
sell,9304.85,0.0,2018-04-24T03:52:58.536Z
sell,9243.97,0.0,2018-04-24T03:52:58.547Z
buy,9125.02,0.0015,2018-04-24T03:52:58.550Z
sell,9260.33,0.62331763,2018-04-24T03:52:58.553Z
sell,9192.09,0.0015,2018-04-24T03:52:58.554Z
sell,9309.0,0.11829791,2018-04-24T03:52:58.578Z
buy,9191.21,0.0,2018-04-24T03:52:58.593Z
sell,9276.0,0.1025,2018-04-24T03:52:58.601Z
buy,9059.5,0.0015,2018-04-24T03:52:58.604Z
buy,9158.12,0.0015,2018-04-24T03:52:58.619Z
sell,9192.09,0.0,2018-04-24T03:52:58.626Z
sell,9243.97,0.0015,2018-04-24T03:52:58.633Z
buy,9125.03,0.0015,2018-04-24T03:52:58.641Z
sell,9279.0,0.003,2018-04-24T03:52:58.642Z
buy,9158.12,0.0,2018-04-24T03:52:58.658Z
buy,9157.99,0.0015,2018-04-24T03:52:58.698Z
sell,9243.97,0.0,2018-04-24T03:52:58.719Z
sell,9276.0,0.10099999999999999,2018-04-24T03:52:58.721Z
sell,9192.09,0.0015,2018-04-24T03:52:58.736Z
buy,9191.21,0.0015,2018-04-24T03:52:58.737Z
sell,9310.18,0.45733,2018-04-24T03:52:58.874Z
sell,9196.01,1.68679344,2018-04-24T03:52:58.949Z
sell,9192.08,0.00190353,2018-04-24T03:52:59.008Z
buy,9190.06,0.01,2018-04-24T03:52:59.011Z
sell,9192.09,0.0,2018-04-24T03:52:59.039Z
sell,9243.37,0.0015,2018-04-24T03:52:59.069Z
sell,9276.0,0.1025,2018-04-24T03:52:59.071Z
buy,8951.32,0.1,2018-04-24T03:52:59.130Z
sell,9243.37,0.0,2018-04-24T03:52:59.219Z
sell,9243.36,0.0015,2018-04-24T03:52:59.226Z
sell,9243.36,0.0,2018-04-24T03:52:59.274Z
sell,9276.0,0.10099999999999999,2018-04-24T03:52:59.287Z
sell,9309.0,0.11979791,2018-04-24T03:52:59.292Z
sell,9192.09,0.0015,2018-04-24T03:52:59.307Z
sell,9309.0,0.11829791,2018-04-24T03:52:59.341Z
sell,9243.37,0.0015,2018-04-24T03:52:59.358Z
sell,9192.09,0.0,2018-04-24T03:52:59.376Z
sell,9309.0,0.11979791,2018-04-24T03:52:59.419Z
sell,9260.33,0.49425763,2018-04-24T03:52:59.534Z
sell,9304.85,0.12905999999999998,2018-04-24T03:52:59.555Z
sell,9243.37,0.0,2018-04-24T03:52:59.566Z
sell,9276.0,0.1025,2018-04-24T03:52:59.595Z
sell,9309.0,0.11829791,2018-04-24T03:52:59.615Z
sell,9192.09,0.0015,2018-04-24T03:52:59.622Z
sell,9243.97,0.0015,2018-04-24T03:52:59.712Z
sell,9192.09,0.0,2018-04-24T03:52:59.715Z
sell,9276.0,0.10099999999999999,2018-04-24T03:52:59.723Z
sell,9309.0,0.11979791,2018-04-24T03:52:59.732Z
sell,9243.97,0.0,2018-04-24T03:52:59.779Z
sell,9276.0,0.1025,2018-04-24T03:52:59.805Z
sell,9310.18,0.04478,2018-04-24T03:52:59.830Z
sell,9276.0,0.10099999999999999,2018-04-24T03:52:59.976Z
sell,9192.09,0.0015,2018-04-24T03:52:59.982Z
sell,9309.0,0.11829791,2018-04-24T03:52:59.986Z
buy,8907.22,0.022454,2018-04-24T03:53:00.051Z
sell,9243.97,0.0015,2018-04-24T03:53:00.053Z
sell,9196.01,1.68499944,2018-04-24T03:53:00.183Z
sell,9192.07,0.00114202,2018-04-24T03:53:00.224Z
sell,9192.09,0.0,2018-04-24T03:53:00.496Z
sell,9243.97,0.0,2018-04-24T03:53:00.551Z
sell,9275.15,0.11406,2018-04-24T03:53:00.555Z
sell,9275.15,0.10311,2018-04-24T03:53:00.556Z
sell,9276.0,0.1025,2018-04-24T03:53:00.621Z
sell,9275.15,0.10422999999999999,2018-04-24T03:53:00.623Z
sell,9243.37,0.0015,2018-04-24T03:53:00.627Z
sell,9243.37,0.0,2018-04-24T03:53:00.658Z
sell,9276.0,0.10099999999999999,2018-04-24T03:53:00.681Z
sell,9309.0,0.11979791,2018-04-24T03:53:00.688Z
sell,9192.09,0.0015,2018-04-24T03:53:00.691Z
buy,9192.0,18.48276326,2018-04-24T03:53:00.891Z
sell,9196.01,1.68385789,2018-04-24T03:53:01.320Z
sell,9192.09,0.0,2018-04-24T03:53:01.350Z
sell,9243.97,0.0015,2018-04-24T03:53:01.383Z
sell,9192.09,0.00201256,2018-04-24T03:53:01.389Z
sell,9309.0,0.11829791,2018-04-24T03:53:01.403Z
sell,9276.0,0.1025,2018-04-24T03:53:01.413Z
sell,9243.97,0.0,2018-04-24T03:53:01.423Z
sell,9192.09,0.00351256,2018-04-24T03:53:01.450Z
sell,9276.0,0.10099999999999999,2018-04-24T03:53:01.498Z
sell,9309.0,0.11979791,2018-04-24T03:53:01.526Z
buy,9019.38,0.005,2018-04-24T03:53:01.610Z
sell,9192.09,0.00201256,2018-04-24T03:53:01.660Z
sell,9243.37,0.0015,2018-04-24T03:53:01.667Z
sell,9309.0,0.11829791,2018-04-24T03:53:01.711Z
sell,9276.0,0.1025,2018-04-24T03:53:01.716Z
sell,9243.37,0.0,2018-04-24T03:53:01.789Z
sell,9309.0,0.11979791,2018-04-24T03:53:01.805Z
sell,11415.6,0.2593,2018-04-24T03:53:01.828Z
sell,9276.0,0.10099999999999999,2018-04-24T03:53:01.850Z
sell,9243.38,0.0025,2018-04-24T03:53:01.860Z
buy,9019.37,0.005,2018-04-24T03:53:01.934Z
sell,9192.01,5.28816594,2018-04-24T03:53:01.975Z
sell,9309.0,0.11829791,2018-04-24T03:53:01.976Z
sell,9243.38,0.001,2018-04-24T03:53:02.003Z
buy,8750.0,10.77415367,2018-04-24T03:53:02.010Z
sell,9243.97,0.0015,2018-04-24T03:53:02.012Z
sell,9192.09,0.00351256,2018-04-24T03:53:02.015Z
sell,9243.37,0.0015,2018-04-24T03:53:02.115Z
sell,9243.97,0.0,2018-04-24T03:53:02.151Z
sell,9192.06,0.0015,2018-04-24T03:53:02.174Z
sell,9192.09,0.00201256,2018-04-24T03:53:02.194Z
sell,9243.37,0.0,2018-04-24T03:53:02.219Z
sell,9210.0,16.24959653,2018-04-24T03:53:02.226Z
buy,9125.02,0.0,2018-04-24T03:53:02.230Z
buy,9157.99,0.0,2018-04-24T03:53:02.232Z
buy,9191.21,0.0,2018-04-24T03:53:02.234Z
buy,9125.03,0.0,2018-04-24T03:53:02.235Z
sell,9192.06,0.0,2018-04-24T03:53:02.236Z
sell,9276.0,0.1025,2018-04-24T03:53:02.239Z
buy,9092.5,0.0015,2018-04-24T03:53:02.272Z
sell,9309.0,0.11979791,2018-04-24T03:53:02.282Z
sell,9210.0,16.24809653,2018-04-24T03:53:02.291Z
sell,9276.0,0.10099999999999999,2018-04-24T03:53:02.326Z
buy,9059.5,0.0,2018-04-24T03:53:02.351Z
sell,9192.09,0.00351256,2018-04-24T03:53:02.359Z
buy,9191.21,0.0015,2018-04-24T03:53:02.362Z
sell,9243.97,0.0015,2018-04-24T03:53:02.367Z
buy,9157.99,0.0015,2018-04-24T03:53:02.370Z
buy,9125.02,0.0015,2018-04-24T03:53:02.373Z
sell,9309.0,0.11829791,2018-04-24T03:53:02.396Z
sell,9276.0,0.1025,2018-04-24T03:53:02.424Z
sell,9196.01,1.68195496,2018-04-24T03:53:02.514Z
sell,9192.06,0.00168621,2018-04-24T03:53:02.565Z
buy,8950.33,0.0,2018-04-24T03:53:02.583Z
buy,8949.53,0.1,2018-04-24T03:53:02.585Z
sell,9192.09,0.00201256,2018-04-24T03:53:02.731Z
sell,9210.0,16.24959653,2018-04-24T03:53:02.762Z
buy,9092.5,0.0,2018-04-24T03:53:02.767Z
buy,9157.99,0.0,2018-04-24T03:53:02.772Z
buy,9125.02,0.0,2018-04-24T03:53:02.773Z
buy,9191.21,0.0,2018-04-24T03:53:02.774Z
sell,9243.97,0.0,2018-04-24T03:53:02.775Z
sell,9276.0,0.10099999999999999,2018-04-24T03:53:02.777Z
buy,9059.5,0.0015,2018-04-24T03:53:02.778Z
buy,9192.0,18.33396326,2018-04-24T03:53:02.832Z
buy,8951.32,0.0,2018-04-24T03:53:02.851Z
sell,9210.0,16.24809653,2018-04-24T03:53:02.853Z
buy,9059.5,0.0,2018-04-24T03:53:02.873Z
sell,9276.0,0.1025,2018-04-24T03:53:02.880Z
buy,9092.5,0.0015,2018-04-24T03:53:02.882Z
sell,9309.0,0.11979791,2018-04-24T03:53:02.884Z
buy,9191.21,0.0015,2018-04-24T03:53:02.916Z
sell,9192.09,0.00351256,2018-04-24T03:53:02.919Z
buy,9157.99,0.0015,2018-04-24T03:53:02.922Z
buy,9125.02,0.0015,2018-04-24T03:53:02.924Z
sell,9192.09,0.00201256,2018-04-24T03:53:03.006Z
sell,9243.97,0.0015,2018-04-24T03:53:03.050Z
sell,9203.4,0.001,2018-04-24T03:53:03.122Z
buy,9191.21,0.0,2018-04-24T03:53:03.140Z
buy,9092.5,0.0,2018-04-24T03:53:03.146Z
buy,9157.99,0.0,2018-04-24T03:53:03.152Z
buy,9125.02,0.0,2018-04-24T03:53:03.205Z
buy,9059.5,0.0015,2018-04-24T03:53:03.208Z
sell,9243.97,0.0,2018-04-24T03:53:03.210Z
buy,9059.5,0.0,2018-04-24T03:53:03.230Z
sell,9192.09,0.00351256,2018-04-24T03:53:03.235Z
buy,9191.21,0.0015,2018-04-24T03:53:03.237Z
buy,9157.99,0.0015,2018-04-24T03:53:03.242Z
buy,9125.02,0.0015,2018-04-24T03:53:03.246Z
buy,9092.5,0.0015,2018-04-24T03:53:03.249Z
sell,9309.0,0.11829791,2018-04-24T03:53:03.260Z
sell,9192.09,0.00201256,2018-04-24T03:53:03.281Z
sell,9210.0,16.24959653,2018-04-24T03:53:03.293Z
buy,9191.21,0.0,2018-04-24T03:53:03.296Z
buy,9059.5,0.0015,2018-04-24T03:53:03.324Z
sell,9210.0,16.24809653,2018-04-24T03:53:03.335Z
sell,9276.0,0.10099999999999999,2018-04-24T03:53:03.358Z
sell,9192.09,0.00351256,2018-04-24T03:53:03.364Z
sell,9309.0,0.11979791,2018-04-24T03:53:03.367Z
sell,9243.97,0.0015,2018-04-24T03:53:03.382Z
buy,9092.5,0.0,2018-04-24T03:53:03.412Z
sell,9192.09,0.00201256,2018-04-24T03:53:03.428Z
buy,9191.21,0.0015,2018-04-24T03:53:03.436Z
sell,9276.0,0.1025,2018-04-24T03:53:03.458Z
buy,9191.21,0.0,2018-04-24T03:53:03.491Z
buy,9157.99,0.0,2018-04-24T03:53:03.509Z
buy,9125.02,0.0,2018-04-24T03:53:03.511Z
buy,9092.5,0.0015,2018-04-24T03:53:03.520Z
buy,9190.06,0.011470000000000001,2018-04-24T03:53:03.525Z
sell,9275.15,0.12905999999999998,2018-04-24T03:53:03.538Z
sell,9276.0,0.10099999999999999,2018-04-24T03:53:03.552Z
sell,9243.97,0.0,2018-04-24T03:53:03.585Z
buy,9191.21,0.0015,2018-04-24T03:53:03.588Z
sell,9192.09,0.00351256,2018-04-24T03:53:03.590Z
sell,9276.0,0.1025,2018-04-24T03:53:03.607Z
buy,9092.5,0.0,2018-04-24T03:53:03.619Z
buy,9125.02,0.0015,2018-04-24T03:53:03.648Z
buy,9157.99,0.0015,2018-04-24T03:53:03.651Z
sell,9196.01,1.68081322,2018-04-24T03:53:03.671Z
